2752 4546
35 1685 77 1756 ὁ.

207 1634 300 1727 Ipter
328 1653 440 1698 omnes
481 1630 536 1716 qui
572 1628 613 1694 de
644 1628 812 1697 literarum
840 1627 1044 1712 anglicarum
1072 1627 1208 1693 historia

110 1743 312 1829 scripserunt
333 1743 420 1806 viros
438 1741 583 1805 illustres
602 1747 635 1804 et
648 1738 832 1805 Germanos
853 1746 886 1802 et
898 1737 1074 1802 Britannos
1094 1737 1208 1805 Obri-

110 1852 356 1939 stopherum
386 1847 673 1932 Marlovium1)
711 1846 752 1911 de
781 1846 971 1932 aequalibus
1002 1845 1208 1934 Sbaksperii,

111 1961 228 2026 summi
260 1960 349 2039 illius
377 1981 508 2047 semper
536 1967 653 2046 poetae
682 1956 815 2031 scenici,
851 1956 1028 2043 praecipuo
1052 1955 1207 2043 poeticen

112 2069 198 2136 inter
220 2071 350 2155 Auglos
374 2069 512 2134 coluisse
535 2077 567 2133 ct
589 2075 625 2132 ut
646 2068 762 2132 floreat
784 2065 933 2130 effecisse
955 2074 1090 2131 constat.

180 2163 184 2168 ’
211 2179 328 2264 Neque
365 2179 452 2242 enim
488 2179 593 2242 solum
628 2176 762 2260 ingenio
790 2172 918 2263 poetico
951 2175 1068 2239 ceteris
1103 2173 1208 2263 poetis

112 2288 251 2354 scenicis
264 2297 298 2350 et
306 2287 471 2372 prioribus
484 2296 517 2352 et
529 2286 722 2370 aequalibus
739 2286 841 2368 longe
856 2286 1082 2370 antecellebat,
1093 2309 1209 2353 verum

113 2395 209 2460 etiam
240 2394 363 2459 iambos
391 2395 561 2478 quinorum
588 2395 709 2480 pedum
732 2417 797 2459 non
826 2396 912 2462 inter
933 2418 968 2461 sc
992 2407 1209 2462 consonantes

114 2505 310 2600 (bloaboerse)
342 2505 376 2568 iu
399 2504 524 2569 fabulas
547 2504 754 2570 introducens
780 2506 866 2569 viam
891 2505 1016 2592 primus
1039 2503 1209 2589 ingressus

114 2625 175 2699 est,
208 2612 298 2680 cuius
327 2612 468 2699 vestigia
494 2624 609 2701 postea
632 2635 747 2679 omncs
770 2615 840 2678 fere
863 2623 979 2701 poetae
1001 2614 1104 2696 secuti
1125 2622 1208 2680 sunt.

113 2722 228 2808 Atque
250 2721 430 2788 Marlovius
452 2723 576 2810 primus
600 2723 663 2786 fuit
686 2731 793 2810 poeta,
817 2723 871 2807 qui
893 2722 1051 2807 mysteria
1070 2722 1210 2787 embolia

114 2832 301 2912 (interlectos)
343 2830 487 2896 carmina
516 2831 653 2896 moralia
684 2832 911 2915 (morel-pleps)
940 2851 1044 2916 usque
1076 2830 1118 2896 cd
1146 2831 1211 2896 hoo

114 2951 243 3030 tempus
271 2960 350 3027 prae
381 2939 498 3007 ceteris
527 2941 561 3004 in
585 2963 685 3006 scena
705 2942 838 3030 publica
861 2950 932 3006 acta
949 2934 1079 3006 'summo
1103 2940 1211 3007 studio

114 3047 254 3137 repulit*
278 3059 329 3161 “a
343 3070 441 3133 quum
478 3049 588 3114 drama
617 3050 658 3114 ad
690 3051 768 3116 artis
793 3058 969 3139 praecepta
997 3045 1155 3137 scriptum
1179 3035 1211 3115 et

25 3194 28 3201 ·
115 3160 240 3223 actione
268 3150 416 3246 'praecisa
449 3159 664 3246 personisque
694 3158 916 3224 constantibus
941 3168 1091 3223 ornatum
1110 3159 1209 3225 intro·

27 3340 31 3355 .
116 3265 223 3350 ducat,
255 3267 373 3332 fabulis
396 3268 585 3332 romanticis
609 3289 740 3354 quoque
768 3268 802 3332 in
825 3266 932 3333 scenis
957 3263 1060 3351 regiis
1089 3277 1122 3334 et
1144 3268 1210 3356 pri·

115 3375 198 3440 vatis
222 3377 299 3440 actis
322 3377 467 3461 ingenue
489 3377 653 3463 opposuit.

213 3482 332 3568 Neque
350 3506 429 3550 vero
452 3485 531 3548 mihi
553 3484 709 3572 proposui
732 3481 1012 3568 magnaMarlovii
1026 3483 1142 3548 merita
1166 3482 1208 3547 dc

116 3591 235 3657 fabulis
252 3592 441 3658 excolendis
456 3602 489 3658 ot
506 3593 710 3680 expoliendis
732 3592 862 3678 plenius
889 3592 1066 3674 illustrare,
1088 3590 1210 3678 quippe
1247 3614 1249 3618 ·

77 3691 82 3697 ¹
117 3701 158 3767 de
184 3716 248 3789 qua
271 3723 308 3766 re
328 3700 614 3786 vix-aliquantum
628 3701 778 3797 *nondum
799 3703 838 3767 ab
862 3699 1028 3766 historicis
1042 3699 1209 3766 Britannis

22 3920 34 3985 f·
108 3964 111 3969 ,
137 3930 164 3979 j
216 3907 242 3972 1)
260 3907 383 3959 Editione
407 3909 449 3961 usi
475 3923 579 3960 sumus:
621 3910 677 3960 The
702 3910 788 3962 ceorles
812 3911 844 3976 of
871 3910 1046 3976 Obrtstopbcr
1076 3905 1210 3959 Merlowc

22 4032 36 4083 q
101 4003 182 4053 with
205 4010 281 4053 notes
305 4003 363 4075 aad
386 4017 458 4052 aomo
480 4011 596 4056 account
622 4005 654 4072 of
674 4005 716 4054 bia
737 4005 786 4071 life
806 4003 865 4054 aad
885 4005 1009 4067 wrr'ta'nps
1027 4005 1060 4069 tp
1077 4004 1122 4056 the
1140 4001 1210 4054 Reo-

22 4128 42 4179 q
66 4128 70 4133 -
120 4093 280 4169 Alexander
298 4098 381 4163 Dyee.
412 4099 536 4169 ‚London
554 4101 633 4151 1850.

22 4192 38 4227 t.

22 4246 37 4311 t.

1009 4190 1033 4238 X
