2752 4546
683 282 731 356 '13

162 498 269 563 neque
300 476 542 542 distractionem
571 482 713 540 statuere
747 495 829 561 opus
860 481 926 558 est3
959 487 1099 563 namque
1130 475 1257 560 syllaba

162 587 288 653 decima
299 586 451 653 deficiens
467 592 616 666 accentu,
639 583 692 667 qul
717 592 748 646 et
772 592 910 673 propter
927 583 1095 649 notionem
1110 592 1143 648 et
1157 606 1258 671 prop-

161 705 212 761 ter
243 696 433 762 trochaeum
461 695 556 760 tertio
584 695 658 759 loce
680 702 713 758 et
743 702 817 781 post
848 716 981 780 pausam
1003 693 1198 759 collocatum
1224 693 1259 757 in

163 805 265 870 verbo
293 811 502 871 Tumburtoc'ac
524 803 666 891 ponitur,
699 801 776 867 satis
806 803 986 890 suppletur.
1034 800 1165 890 Quippe
1187 822 1259 867 ver·

162 936 217 978 sus
247 912 370 978 similes
402 912 490 1000 apud
512 912 710 979 Marlovium
748 911 933 997 complures
966 910 1194 997 reperiuntur,
1223 904 1260 976 nt

162 1020 249 1085 infra
274 1021 458 1086 accuratius
483 1029 678 1107 exponetur.
723 1017 818 1084 Idem
845 1005 1052 1106 iudicandum
1077 1027 1125 1082 est
1144 1009 1193 1084 ¹de
1213 1017 1259 1085 al-

161 1138 232 1194 tero
256 1129 411 1216 exemplo

204 1237 264 1304 Tb.
278 1238 367 1321 Ι,97,
383 1238 422 1301 19
450 1246 563 1321 Tolaaq
582 1247 774 1305 instructions
791 1243 870 1316 from
892 1244 943 1319 thy
961 1244 1077 1320 flouaup
1101 1259 1186 1319 oyen

205 1347 304 1435 Epeo,
325 1355 408 1414 when
429 1355 491 1414 ibat
511 1355 617 1415 Ebeae
639 1359 719 1428 steps
740 1359 767 1413 to
788 1355 908 1425 baccea,

163 1479 227 1544 quo
249 1456 325 1524 loco
345 1480 411 1524 vox
431 1482 496 1541 eyes
518 1479 561 1523 ex
582 1456 798 1523 antecedente
814 1476 913 1522 versu
929 1462 1063 1542 recepta
1081 1463 1148 1520 tam
1165 1455 1259 1540 gravi

163 1576 299 1632 accentu
322 1567 469 1650 effertur,
489 1576 526 1631 ut
549 1567 652 1632 thesis
675 1565 830 1630 deficiens
853 1563 984 1629 omnino
1016 1572 1258 1651 compensetur.

163 1673 319 1742 Ceterum
340 1675 428 1740 haud
448 1675 515 1740 scio
537 1696 579 1739 an
598 1696 713 1740 versus
733 1696 816 1739 voce
845 1680 937 1741 subtele
968 1682 1043 1738 ante
1075 1681 1158 1741 aulaea
1185 1694 1260 1761 sup-

164 1784 253 1872 pleta
274 1784 438 1850 sanandus
461 1785 511 1851 sit.
536 1785 648 1850 Tertio
671 1784 745 1849 loco

288 1893 482 1978 Tb.1,63‚6
504 1901 602 1975 Ktaps
621 1900 656 1972 of
671 1901 742 1970 Fes,
765 1900 915 1971 Moroom,
939 1899 1000 1958 arad
1020 1891 1143 1974 Aroter,
1201 1958 1203 1961 ,

162 2023 229 2068 vox
240 2010 338 2085 Ktaqs
357 2023 424 2068 non
447 2003 545 2090 plena
568 2024 679 2067 mensa
694 2001 831 2085 (Ktapes'l
846 2002 967 2089 scripta
990 2009 1049 2084 est,
1071 2009 1107 2065 ut
1130 1999 1260 2067 omnino

163 2131 278 2176 versus
304 2111 519 2178 allocutiones
549 2111 709 2177 eiusmodi
743 2111 949 2178 continentes
975 2110 1141 2176 mutilatae
1174 2118 1259 2193 sunt,

164 2219 355 2304 praesertim
386 2242 484 2303 quum
506 2220 607 2283 verba
638 2219 745 2284 aliona
776 2220 1053 2307 complectantur3
1088 2228 1261 2307 praeterea

163 2325 191 2389 is
222 2347 335 2390 versus
363 2326 617 2414 transpositione
648 2350 766 2392 vocum
788 2335 851 2394 Fec
876 2337 903 2393 et
928 2324 1069 2396 ¹Morocco
1097 2339 1129 2393 et
1160 2328 1260 2394 inter·

164 2432 325 2518 positione
345 2436 435 2499 vocis
468 2440 504 2512 of
533 2444 607 2498 ante
630 2440 744 2519 Arpter
778 2434 873 2499 facile
906 2435 1035 2500 restitui
1066 2444 1186 2522 potest,
1219 2438 1261 2502 cf.

164 2540 223 2607 Tb.
236 2543 261 2625 1,
274 2543 315 2608 89
335 2553 367 2609 et
389 2545 459 2609 137.
496 2542 594 2624 Quod
612 2545 768 2609 maiorem
791 2566 850 2630 pro
871 2551 908 2610 'so
932 2545 1031 2609 habet
1051 2545 1258 2632 probabilita-

67 2698 71 2704 -
164 2659 248 2732 tem,
281 2674 378 2738 quam
400 2652 479 2717 duas
511 2652 654 2738 syllabas
679 2652 769 2717 vocis
791 2659 889 2734 Ktaps
910 2662 1062 2718 statuere.
1107 2654 1261 2741 Denique

164 2757 238 2823 loco
265 2758 325 2826 Tb.
341 2759 368 2843 Ι,
380 2760 429 2842 70,
446 2760 485 2822 19
505 2767 660 2828 Iaturtous
681 2768 819 2840 villatas,
854 2769 969 2839 thicoes,
998 2771 1181 2847 compotes!
1205 2783 1262 2827 vo·

166 2887 238 2931 cem
260 2877 366 2937 totenes
396 2870 528 2956 plenam
550 2890 693 2934 mensam
727 2890 834 2955 neque
859 2869 1046 2953 negandum
1073 2892 1179 2955 neque
1203 2871 1261 2935 mi·

165 2975 303 3041 randum
326 2987 383 3044 est.
904 2970 907 2975 ¹

265 3085 409 3152 Tertiam
435 3098 545 3154 autem
565 3109 739 3178 personam
772 3087 948 3173 singularis
971 3087 1154 3175 praesentia
1174 3082 1260 3154 Mar·-

165 3193 270 3261 lovius
292 3218 358 3263 non
376 3199 486 3263 ‘minus
509 3218 608 3286 saepe
627 3198 758 3285 plenam
785 3198 926 3277 metitur,
962 3219 1059 3282 quam
1092 3217 1263 3282 syncopen

169 3304 257 3370 facit.
302 3306 411 3388 Quum
435 3308 561 3392 syllaba
581 3308 682 3395 plena
703 3328 814 3372 mensa
839 3306 1043 3392 significetur
1063 3305 1097 3369 in
1119 3304 1263 3371 editione

167 3415 333 3499 praesenti
355 3438 486 3504 semper
507 3417 542 3482 in
562 3418 672 3483 literas
695 3425 742 3484 etb
761 3417 829 3482 exit
854 3419 896 3481 cf.
921 3415 980 3481 Tu.
997 3415 1023 3496 Ι,
1042 3414 1083 3478 74
1178 3460 1181 3465 -

158 3526 162 3531 ’
292 3503 445 3590 Plccsetb
465 3551 541 3608 pour
559 3535 727 3611 mtpbttaess
746 3536 773 3592 to
794 3532 987 3604 understood,

293 3640 352 3699 Has
369 3640 529 3702 resolution
547 3641 599 3713 fur
623 3635 795 3700 emceedetlr
817 3641 868 3700 ull.

226 3732 229 3741 ¹
296 3750 358 3809 The
376 3750 445 3822 first
465 3751 523 3827 dap
541 3752 623 3812 aulaea
644 3751 679 3811 be
695 3742 841 3830 pitcbella
863 3750 947 3810 doma
965 3750 1013 3809 hta
1035 3752 1131 3821 tcats;

168 3849 275 3916 Etiam
297 3860 371 3939 post
391 3853 566 3932 sibilantes,
597 3875 675 3939 quas
700 3853 826 3940 syllaba
846 3851 943 3941 plena
968 3868 1080 3916 mensa
1103 3849 1262 3936 sequitur,
1336 3840 1345 3860 ⁶

169 3960 212 4026 cf.
231 3969 380 4043 plesseto,
408 3970 538 4045 pttcbeth
561 3984 627 4028 non
649 3948 781 4028 literam
803 3987 836 4047 s,
872 3961 931 4026 sed
960 3968 991 4026 ta
1013 3959 1151 4047 positam
1173 3958 1264 4024 inve-

159 4068 285 4138 ·nimus.
942 4060 947 4069 ’
991 4062 994 4067 ’

270 4181 341 4247 Iam
363 4178 451 4265 quod
473 4180 588 4246 attinet
617 4178 659 4245 od
683 4177 842 4269 quasdam
859 4199 963 4244 uoces
993 4177 1179 4262 dupliciter
1202 4190 1278 4234 mes
