2752 4546
666 294 706 359 41

138 468 357 568 compluribus
379 480 468 545 annis
492 489 622 546 anteat
644 481 753 547 fabula
776 489 811 547 K
815 492 855 549 ιἰι
861 510 882 565 p
907 460 1049 568 Heery·
1067 484 1151 564 1¹1¹)
1174 478 1228 546 ve'l

139 597 230 654 certe
254 587 323 656 The
348 596 448 668 first
471 595 565 656 Part
593 597 632 669 of
659 600 724 658 tlte
752 597 985 659 Centaurica
1005 599 1064 656 etc.
1090 573 1128 656 et⁸
1158 598 1230 658 Tbe

143 707 240 766 Truc
267 705 446 780 ’.Μαριάμ
467 697 507 781 (ιί
530 683 765 787 Shaksperium
786 709 881 765 antea
903 721 941 764 ea
969 701 1084 766 fecisse
1107 700 1227 766 iudica·
1266 688 1268 692 ⁵

139 807 224 892 mus)
246 816 321 872 ante
344 828 372 870 o.
388 807 469 872 1592
482 807 573 873 facta
593 819 652 891 cst,
676 808 798 896 quippe
818 817 921 894 'quum
943 830 1057 875 versus
1081 830 1124 874 ex
1152 816 1230 876 'Pice

142 923 243 983 Troe
267 917 482 1000 rroqeey
473 939 507 981 ιιι
530 915 648 982 libello
665 917 804 984 Greenii
838 923 888 994 „A
911 924 1071 985 Grcut's
1096 925 1230 983 wortb

137 1033 274 1103 oswit‘
290 1034 368 1106 ·.,etc
391 1024 523 1110 quoda.
538 1024 672 1089 1592511
695 1026 801 1091 lucem
821 1025 953 1113 prodiit,
975 1010 1140 1091 afferatur.
1162 1024 1229 1108 Igi-

137 1140 190 1195 tur
210 1139 272 1198 tire
289 1137 498 1210 fir-affort
518 1138 562 1210 os
573 1140 634 1198 the
650 1130 912 1201 Contentioe
903 1154 967 1197 ram
987 1144 1091 1212 antea,
1111 1135 1225 1221 proba·

136 1240 342 1306 biliteranne
359 1232 438 1305 1591
451 1232 573 1328 scripta·
588 1251 646 1305 est.
671 1239 763 1321 Quae
785 1240 926 1323 fabulae,
947 1243 1008 1307 etsi
1031 1253 1099 1307 tum
1121 1241 1227 1328 quoad

139 1349 260 1415 scimus
281 1370 347 1414 non
377 1351 673 1437 typis'exscriptee
692 1338 833 1431 fuerintj
866 1359 975 1417 tamen
996 1351 1059 1418 iam
1082 1361 1174 1418 actae
1195 1362 1229 1418 et

140 1467 176 1523 ut
191 1479 232 1525 ex
247 1457 383 1526 Greenii
398 1458 510 1524 libello
525 1470 671 1547 apparet,
696 1459 736 1525 ab
751 1459 900 1525 omnibus
913 1461 1066 1546 cognitae
1086 1463 1229 1528 fuerunt.

239 1566 310 1631 Iam
333 1567 518 1654 complures
538 1568 753 1656 proprietates
774 1588 937 1652 versuum,
960 1568 1077 1654 quibus
1099 1571 1228 1637 tabulae

140 1683 213 1742 The
236 1682 314 1742 Iew
334 1679 531 1753 ofMalta
552 1685 585 1742 et
607 1683 795 1743 Edwurd
815 1683 1054 1745 tbedccond
1073 1700 1151 1766 prae
1175 1701 1227 1745 ce·

138 1782 217 1848 teris
239 1780 392 1851 Marlovii
416 1784 595 1872 tragoediis
617 1785 765 1872 insignes
786 1796 872 1870 sunt,
894 1785 933 1851 in'
949 1786 1013 1852 illis
1036 1787 1227 1876 Shaksperii

138 1890 255 1958 fabulis
268 1892 361 1959 nobie
372 1901 560 1975 occurrunt,
582 1915 645 1979 qua
667 1894 708 1959 de
725 1917 823 1960 eausa
837 1895 1037 1962 Marlorium·
1048 1898 1086 1963 ab
1101 1882 1229 1982 aequali

139 2001 197 2066 illo
212 2023 349 2084 summo,
372 2001 644 2087 quemadmodum
666 2004 845 2070 fabularum
861 2004 949 2070 illius
969 2026 1073 2091 genus
1096 2005 1229 2072 dicendi

138 2108 277 2175 mediam
311 2118 344 2174 et
376 2111 537 2176 actionem
572 2112 791 2196 moderatam,
833 2114 949 2200 quibus
984 2117 1082 2183 robus
1119 2117 1228 2182 fabula

140 2224 312 2285 Edwurd
331 2214 390 2286 tbe
411 2219 585 2286 Second
574 2220 734 2308 rmprimis
754 2222 895 2289 fabulam
921 2230 993 2290 The
1015 2233 1228 2292 Mesaacre

138 2333 305 2392 utParis
323 2336 464 2413 superat,
486 2327 527 2391 ad
540 2326 732 2393 imitandum
750 2329 811 2394 sibi
833 2331 1042 2454 proposuisse
1065 2331 1226 2414 videatur,
1275 2405 1276 2408 Ἴ

139 2435 292 2503 didicisse
312 2459 378 2502 non
399 2436 588 2523 negandum
611 2447 669 2503 est.
1152 2450 1155 2457 '

238 2543 307 2609 Iam
328 2553 460 2631 praeter
472 2543 752 2610 construetionem
773 2546 948 2612 verborum
968 2566 1120 2610 versuum
1141 2567 1227 2610 eom-

139 2652 299 2740 positione
320 2650 504 2734 adductam,
535 2672 633 2737 quam
656 2653 691 2718 in
712 2637 850 2719 duarum
873 2674 984 2719 carum
1006 2653 1158 2720 Marlovii
1181 2654 1226 2717 ia-

138 2760 286 2827 bularum
308 2758 492 2842 monologis
525 2760 666 2848 primum
690 2758 868 2827 adhibitam
902 2760 1096 2844 invenimus,
1129 2761 1229 2826 dialo-

138 2890 217 2955 gum
241 2889 371 2955 quoquc
393 2867 543 2933 oratione
565 2867 758 2933 excitatiore
789 2868 1023 2934 inflammatum
1046 2870 1229 2957 reperimus

139 2957 298 3065 imprimis
307 2978 519 3044 altercatione
532 2977 619 3043 intre
629 3000 660 3042 v.
669 2985 837 3045 bloeboeree
850 2978 1036 3066 saepissime
1051 2979 1227 3067 permissa3

139 3108 235 3172 quam
258 3085 423 3152 licentiam
444 3094 572 3175 poetam
600 3084 636 3152 in
660 3095 740 3154 The
759 3095 783 3153 I
789 3111 841 3154 ew
868 3095 912 3166 of
924 3095 964 3154 M
968 3095 1054 3153 alta
1085 3088 1227 3175 primum

137 3192 324 3259 adhibuisse
345 3192 569 3281 perspicimus.
611 3190 730 3279 Neque
761 3195 866 3259 minus
899 3193 1131 3267 sententiarum
1156 3193 1229 3258 bre-

138 3298 222 3363 viter
241 3297 400 3364 dictarum
423 3297 456 3363 in
472 3298 664 3387 Sheksperii
678 3299 893 3386 Marloviique
916 3300 1035 3367 fabulis
1056 3301 1158 3366 maior
1180 3310 1230 3367 est

137 3406 289 3487 varietas,
311 3428 408 3491 quam
430 3405 463 3471 in
486 3405 659 3491 prioribus,
683 3426 783 3492 quum
803 3428 919 3474 versus
939 3409 1145 3476 alexandrini
1163 3410 1227 3498 pri·

139 3537 226 3579 mum
254 3537 274 3578 a
292 3513 453 3580 Marlovio
485 3514 600 3578 crebro
629 3515 705 3580 facti
737 3515 771 3578 in
805 3515 922 3580 fabulis
960 3523 1039 3583 The
1070 3525 1152 3584 lew
1188 3525 1234 3597 of

138 3630 275 3688 Multa
302 3631 335 3686 et
357 3629 544 3688 Edwerd
575 3630 632 3688 ttae
662 3622 827 3690 Second
857 3623 995 3710 perinde
1016 3634 1114 3711 atque
1140 3628 1228 3714 apud

140 3730 376 3819 Shaksperium
397 3750 530 3818 perram
552 3739 691 3796 exstent.
711 3729 906 3798 Pari-modo
928 3754 1043 3800 versus
1066 3745 1227 3820 sonantes,

141 3839 194 3925 qui
219 3840 385 3929 inprimis
408 3839 598 3928 Shsksperii
622 3840 740 3907 fabulis
764 3840 851 3906 haud
871 3842 1006 3928 parvum
1040 3844 1148 3909 locum
1171 3846 1228 3911 ob-

240 4057 265 4124 1)
286 4057 402 4128 Shsksp.
425 4078 451 4112 r.
472 4061 567 4112 Delius
585 4061 638 4113 rol.
652 4059 699 4124 lv,
729 4062 773 4112 ἀίω
802 4058 1000 4128 Einlea‘eunyen
1027 4078 1061 4113 nu
1091 4063 1145 4114 dett
1170 4063 1232 4114 ἄνοι’

144 4154 328 4211 Thalen-soa
342 4156 417 4225 Kinp
436 4157 533 4225 Hem
556 4155 625 4209 VII.
690 4192 694 4198 -
