2752 4546
680 277 706 342 ¹3

145 481 260 527 versus
281 461 392 548 priore
417 468 567 548 tempore
596 462 705 527 usitati
724 462 928 545 adiuverunt,
958 463 1187 551 relinquerent
1208 473 1241 530 et

146 569 249 633 ntultc
273 568 378 633 minus
400 569 536 635 dictioni
554 569 678 634 liberae
693 579 726 635 et
744 572 888 636 urbanae
909 571 992 647 fines
1015 570 1250 657 terminosque¹

146 675 388 743 constituerent.
417 678 529 759 Quare
552 678 644 743 annis
668 687 743 764 post
766 699 838 745 eam
861 678 1014 743 Marlovii
1037 679 1240 763 tragoediam

145 793 249 850 aetam
279 784 526 869 insequentibus
557 785 699 869 fabulae,
731 807 814 871 quae
841 796 875 852 et
904 808 1009 873 genus
1043 786 1176 853 dicendi
1208 799 1241 854 et

144 913 214 959 rem
236 896 407 960 metricam
425 895 512 960 illius
526 895 588 960 viri
609 898 839 983 sequebantur,
861 897 1023 985 plurimae
1039 896 1134 962 datae
1154 905 1241 980 sunt,

145 1012 179 1070 et
198 1012 349 1068 veterum
364 1003 596 1088 mysteriorum
615 1026 729 1070 versus
750 1005 868 1070 breves
883 1004 973 1069 varie
996 1004 1084 1069 inter
1106 1027 1141 1071 sc
1165 1027 1240 1073 con·

144 1121 297 1178 sonantes
325 1111 483 1196 (acupieta)
516 1121 549 1177 et
577 1112 758 1178 carminum
785 1112 957 1178 moralium
980 1135 1095 1179 versus
1124 1116 1241 1179 breves
1294 1117 1296 1122 ’

144 1221 329 1286 alternatim
348 1221 434 1286 inter
457 1243 492 1286 se
515 1231 732 1287 consonantes
755 1232 789 1287 et
814 1222 1030 1287 emboliorum
1052 1226 1240 1304 (taterlades)

144 1329 380 1399 Skcltonis
409 1331 578 1415 longiores
602 1354 717 1397 versus
743 1342 959 1399 consonantes
980 1331 1016 1397 in
1038 1353 1134 1397 omne
1157 1341 1239 1397 tem-

142 1459 205 1524 pus
234 1461 277 1504 ex
301 1439 420 1505 fabulis
453 1450 656 1506 evanuerunt
683 1441 898 1527 versibusque
922 1467 940 1507 a
963 1440 1122 1508 Marlovio
1146 1440 1239 1505 adbi·
1345 1450 1348 1455 ’

141 1545 217 1611 bitis
241 1556 420 1612 cesserunt.
464 1547 534 1612 Iam
562 1547 604 1612 ad
627 1550 826 1635 exemplum,
858 1572 955 1634 quam
977 1549 1059 1614 mire
1084 1549 1238 1614 celeriter

143 1665 175 1720 et
197 1654 410 1739 singulariter
429 1677 546 1720 versus
570 1656 720 1721 Marlovii
742 1657 775 1720 in
796 1657 924 1722 theatro
947 1658 1123 1744 imperium
1147 1678 1263 1721 occu--

141 1763 260 1850 pariat,
276 1760 487 1846 Ocilierl)
510 1763 566 1827 ille
586 1770 727 1849 po'e‘tam,
749 1764 805 1851 qui
826 1766 1017 1830 breviante
1036 1767 1241 1849 tragoediam

145 1867 376 1934 Tambarlaa'ae
408 1869 459 1934 tte
488 1871 605 1959 Great
622 1881 727 1937 actam
752 1873 787 1937 in
816 1875 926 1938 fabula
949 1896 1063 1939 versus
1087 1873 1174 1939 inter
1205 1897 1240 1939 se

142 1989 357 2045 consonantes
380 1978 575 2064 adbibuerit,
596 1981 709 2069 paullo
732 1991 807 2070 post
827 1983 862 2047 in
884 1984 986 2048 altera
1012 1983 1080 2047 eius
1104 1982 1236 2047 fabulae

140 2099 233 2177 parte
262 2100 350 2155 arete
380 2089 574 2154 cohaerente
604 2088 729 2155 iambos
755 2113 820 2156 non
852 2100 1070 2157 consonantes
1103 2113 1237 2179 compo·

140 2195 244 2265 suisse
267 2206 510 2262 commemorat.

239 2305 355 2391 Itaque
377 2305 518 2393 primum
543 2303 694 2371 Marlovii
718 2327 800 2394 opus
814 2305 1046 2372 Tarabarlaa'ae
1070 2306 1120 2372 tlte
1137 2307 1240 2373 Oreat

140 2414 233 2480 cuius
256 2414 324 2480 sive
340 2412 611 2499 compositionem
633 2435 744 2478 rerum
761 2415 829 2479 sive
851 2415 1010 2503 imprimis
1032 2439 1144 2482 versus
1165 2437 1239 2502 per·

139 2523 324 2612 spiciamus,
358 2521 558 2612 principium
582 2533 614 2588 et
637 2521 885 2589 fundamentum
908 2524 1077 2609 singulare
1107 2523 1238 2589 fabulae

139 2631 331 2720 Shaksperii
351 2634 421 2699 iure
445 2632 613 2698 nominare
636 2656 818 2719 possumus.
840 2633 1062 2715 Quamobrem
1084 2632 1237 2720 proprias

138 2751 221 2808 tates
242 2764 357 2809 versus
379 2740 541 2821 Marlovii,
574 2741 712 2806 alteram
731 2764 803 2807 eam
824 2763 927 2826 usque
949 2741 990 2805 ad
1009 2742 1072 2806 hoc
1094 2750 1235 2829 tempus,

137 2858 175 2916 ut
195 2850 260 2915 iam
282 2874 381 2939 supra
400 2848 703 2933 demonstravimus,
724 2860 860 2938 propter
878 2849 1135 2916 aestimationem
1158 2870 1236 2939 poe·
1300 2883 1301 2887 =

138 2958 236 3024 ticam
268 2959 373 3025 minus
405 2958 599 3024 illustratam
630 2977 701 3021 rem
731 2958 913 3022 accuratius
944 2966 1082 3022 tractare
1116 2946 1237 3044 cpe‘r'ab
1291 2984 1296 2989 ·

137 3062 280 3153 pretium
303 3065 375 3130 erit.

237 3292 264 3364 1)
284 3299 319 3349 cl·
341 3295 390 3347 Tlsa
414 3272 518 3363 history
546 3297 577 3362 of
591 3297 707 3364 anls'sls
729 3295 863 3347 dramatis
889 3298 988 3360 Paetry
1007 3294 1046 3361 by
1069 3293 1097 3344 J.
1117 3295 1235 3361 Payne
1278 3353 1284 3367 ‚

140 3392 279 3445 Gallica.
306 3392 369 3460 Esq.
390 3388 774 3456 nonu0n1831.111,128:
794 3391 829 3444 Aa
851 3409 901 3445 orsa
918 3394 1007 3459 praef,
1028 3406 1127 3456 amoay
1143 3407 1236 3458 many,

139 3491 170 3559 of
182 3491 227 3540 tlte
246 3491 446 3555 complcteaear,
470 3506 500 3542 aa
515 3493 579 3544 well
596 3507 628 3542 as
644 3490 823 3552 saddeaacas,
843 3491 874 3556 of
884 3489 929 3540 the
950 3489 1113 3548 alteration,
1130 3490 1154 3538 r't
1170 3503 1236 3552 may

139 3588 170 3638 te
189 3585 299 3637 actiaca
316 3585 379 3636 that
398 3586 445 3636 tha
457 3582 558 3648 Marci,
578 3588 672 3640 calleat
691 3583 740 3636 Tira
761 3584 844 3635 l'lsrce'
861 3581 959 3635 badim
980 3584 1011 3648 of
1024 3581 1140 3645 boacca,
1157 3585 1235 3649 pria·

138 3681 186 3734 ted
203 3681 322 3743 r'a1584,
349 3683 372 3733 r's
391 3685 500 3734 written
518 3688 548 3735 r'a
566 3684 670 3750 thyma,
691 3683 771 3734 altile
790 3683 835 3733 tta
848 3681 949 3731 aeeoad
961 3689 1029 3748 part
1047 3679 1079 3746 of
1093 3679 1138 3729 tlte
1158 3694 1233 3728 sarae

137 3775 252 3839 subject,
277 3775 364 3843 abab
379 3776 514 3842 followed
538 3778 560 3829 r't
579 3785 607 3830 at
627 3791 663 3827 rto
680 3785 761 3841 arsat
777 3778 908 3836 interval,
930 3775 989 3825 aad
1006 3774 1094 3825 ahiat
1113 3789 1168 3824 aas
1183 3791 1235 3840 pa-

139 3873 245 3924 bls‘slsed
262 3874 292 3924 ἐπ
313 3872 393 3934 1690,
412 3873 530 3945 eatitlad
548 3870 596 3921 Tite
614 3869 695 3921 Tlrrce
716 3867 800 3920 toras
819 3866 874 3920 aad
894 3866 974 3917 Three
995 3865 1092 3918 Latias
1114 3866 1145 3930 of
1159 3865 1234 3916 Loa-

138 3963 200 4026 ἄση,
220 3968 244 4016 r's
261 3967 292 4016 ta
312 3963 479 4016 ttaakverse.
520 3962 558 4014 Ia
570 3966 643 4032 fact,
665 3966 739 4034 after
757 3965 836 4026 1687,
868 3965 1008 4015 dramatis
1020 3963 1233 4029 performaaces

127 4075 208 4115 aare
225 4064 404 4128 aerqraraty
422 4061 454 4111 ἐκ
471 4058 572 4127 rhama,
592 4075 624 4112 aa
637 4061 691 4128 sar
710 4075 742 4111 as
760 4074 798 4111 aa
817 4072 871 4111 aar
885 4055 974 4122 jadas
989 4056 1065 4122 from
1084 4055 1160 4106 those
1171 4055 1234 4106 ttat

138 4168 188 4205 ara
206 4161 313 4205 eataat.
