2752 4546
675 276 716 349 114

144 458 273 529 tiendas
296 456 383 544 apud
405 456 601 524 Marlovium
625 457 760 523 eaedem
781 459 885 542 leges,
908 480 988 543 quas
1013 460 1100 548 apud
1116 446 1240 528 Sirake-

141 566 270 654 pcrium
291 566 406 652 vigere
428 566 662 632 Mommsenius
696 567 730 631 in
754 565 896 632 editione
919 569 1109 653 tragoediae
1130 576 1240 637 Romae

142 683 203 742 etad
223 682 317 743 Jaaa
338 674 491 762 exposuit
520 682 563 762 (p.
578 675 768 759 118-134),
802 676 925 742 valent.
970 675 1077 757 Quam
1103 679 1240 743 obrem

141 783 177 847 in
197 804 237 848 eo
261 783 469 868 acquiescere
491 804 674 869 possumus,
696 790 819 868 utque
840 793 912 848 arte
927 783 1106 851 Marlovius
1129 785 1171 851 ad
1191 784 1238 850 fa-

142 892 277 958 ciendos
317 912 431 957 versus
462 914 539 956 usus
580 891 622 955 sit
654 891 885 978 perquiramus
919 901 1112 979 tantumque
1144 894 1239 981 leges

142 1001 333 1090 praecipuas
356 1000 548 1086 diligentiae
573 1024 669 1065 eausa
689 1002 834 1067 breviter
858 1025 1070 1091 exponamus.

240 1109 427 1174 Primum
455 1109 604 1174 vocalem
629 1110 765 1174 brevem
788 1120 820 1176 61
850 1120 997 1199 apertam
1018 1119 1239 1198 paroxytono·
1326 1159 1333 1166 ·

142 1242 214 1284 rum
237 1227 335 1305 poeta
355 1239 423 1282 non
447 1217 589 1302 metitur,
622 1218 720 1302 idque
744 1243 831 1285 nune
860 1241 920 1305 per
952 1219 1127 1306 synizesim
1150 1242 1238 1285 nune

142 1349 203 1415 per
223 1349 393 1415 syncopen
416 1326 529 1391 efficit:

242 1437 277 1523 a)
298 1460 358 1526 per
384 1437 622 1522 synizesim
650 1458 781 1523 semper
804 1438 891 1525 apud
916 1437 1009 1504 binas
1036 1431 1167 1503 vocales
1189 1437 1238 1503 in·

140 1556 192 1614 ter
212 1568 247 1613 se
268 1530 512 1627 concurrentes,
537 1567 674 1630 quarum
694 1545 818 1612 vocalis
839 1547 949 1612 brevis
970 1546 1100 1627 1(6)161
1121 1570 1144 1612 a
1163 1567 1237 1612 eum

140 1655 249 1723 vocali
269 1653 456 1740 insequenti
478 1654 661 1719 colliditur:
693 1664 736 1734 a'a,
757 1665 793 1734 16,
814 1665 843 1722 io
867 1661 946 1736 (eo);
977 1681 1027 1739 aa,
1048 1679 1096 1739 ao,
1118 1663 1160 1733 sa',
1193 1653 1236 1721 cf.

140 1764 200 1831 Tb.
213 1763 246 1828 I:
267 1771 414 1830 meridien
426 1760 506 1847 (77),
525 1769 674 1842 sufficient
692 1762 772 1847 (11),
793 1771 936 1830 directions
958 1762 1039 1849 (56),
1058 1761 1239 1848 66116165),

136 1881 276 1956 preciosas
299 1871 377 1955 (16),
396 1879 539 1956 1111116666
560 1871 640 1956 (12),
665 1880 770 1937 arcae
792 1871 861 1954 (96)
886 1881 964 1954 etc.;

239 1983 275 2065 b)
308 2002 369 2068 per
392 2001 619 2066 syncopen
646 1979 806 2066 imprimis
828 1981 915 2066 apud
940 2002 995 2047 eas
1015 2001 1127 2058 voces,
1158 2000 1236 2065 qua-

140 2114 213 2157 rum
234 2090 358 2175 liquida
380 2088 521 2175 simplex
542 2089 692 2155 vocalem
713 2089 848 2154 brevem
870 2100 903 2154 61
928 2099 1074 2177 apertam
1099 2087 1234 2175 paenul-

137 2200 237 2267 timae
247 2200 408 2284 sequitur,
430 2197 487 2264 el:
502 2198 592 2265 Tb]
606 2206 745 2266 scescless
757 2197 836 2283 (56),
856 2223 962 2282 enemy,
979 2195 1234 2283 1116611119(9),

139 2317 315 2393 theodoram
338 2309 406 2392 (11)
428 2316 489 2373 etc.

236 2416 402 2492 Deinde
423 2416 573 2483 vocalem
594 2417 731 2482 brevem
758 2426 790 2482 et
813 2425 949 2482 accentu
972 2425 1137 2482 carentem
1157 2415 1236 2481 alti-

138 2548 211 2593 mae
228 2535 509 2616 paroxytonornm
524 2548 592 2590 non
608 2525 716 2590 metiri
727 2535 844 2612 poetae
858 2525 946 2607 lieet,
961 2522 996 2589 id
1010 2523 1099 2610 quod
1115 2523 1235 2588 efficit:

240 2640 272 2723 a)
304 2659 365 2723 per
395 2657 608 2723 syncopen
639 2634 726 2724 apud
758 2657 896 2724 parvum
923 2653 1096 2699 numerum
1121 2631 1239 2698 verbo·

137 2771 210 2815 rum
228 2747 482 2832 bisyllaborum,
515 2768 653 2831 quorum
674 2745 814 2811 inferior
833 2743 930 2808 litera
953 2750 986 2809 11
1006 2741 1062 2808 vel
1084 2766 1121 2811 rr
1139 2740 1196 2807 vel
1217 2766 1237 2807 o

139 2865 198 2941 est,
219 2859 261 2924 cf.
285 2854 377 2921 Tb]
401 2863 521 2922 1161161
542 2855 625 2940 (12),
645 2864 788 2933 warram,
809 2877 879 2920 coeo
902 2852 970 2936 (37)
988 2861 1049 2917 ete.

235 2964 272 3048 1))
294 2985 355 3051 per
378 2962 538 3046 cresin,
572 2963 599 3028 si
624 2963 719 3029 brevi
748 2962 855 3028 vocali
889 2961 1024 3025 ultimae
1050 2959 1152 3042 longa
1174 2979 1230 3022 vo-

138 3073 215 3141 calis
235 3071 411 3155 antecedit,
435 3075 479 3140 cf.
501 3081 595 3154 calep,
617 3081 710 3156 seiap,
730 3095 856 3155 prayer,
876 3093 978 3151 power
1000 3078 1069 3153 ete.=

238 3182 397 3249 Ueterum
417 3191 515 3270 poeta
539 3202 669 3270 semper
697 3181 796 3267 plena
814 3170 856 3246 'ea
884 3180 987 3246 verba
1017 3198 1151 3243 mensus
1172 3183 1232 3261 est,

136 3300 235 3382 prout
257 3291 339 3358 ratio
361 3312 516 3357 versuum
538 3290 765 3356 faciendorum
785 3289 901 3354 iubere
922 3288 1101 3354 videretur.
1132 3286 1234 3379 Atta-

136 3423 213 3466 men
238 3420 393 3472 numerus
413 3399 600 3482 verborum,
632 3419 772 3482 quorum
792 3396 936 3482 syllabas
958 3383 1146 3462 Marlovius¹
1162 3394 1233 3482 ple·

136 3533 194 3576 nas
215 3509 364 3591 metitur,
394 3506 607 3593 praeprimis
630 3505 824 3593 Shaksperii
846 3504 965 3571 fabulis
987 3504 1162 3593 praecipue
1197 3503 1232 3566 in

134 3616 306 3702 tragoedia
331 3615 560 3681 Tcmbarlaa'ae
585 3613 628 3700 of
650 3617 753 3684 ereas
785 3637 986 3703 permagnus
1008 3624 1041 3681 61
1069 3632 1231 3679 unacum

136 3726 245 3792 verbis
266 3727 302 3792 in
321 3733 358 3793 cd
379 3735 412 3790 61
439 3735 486 3795 etl
505 3725 700 3791 exeuntibus
731 3745 890 3813 persaepe
917 3723 1058 3809 inventis
1080 3719 1123 3785 ad
1142 3718 1232 3784 duri·

136 3845 236 3903 tatem
255 3856 409 3900 versuum
430 3834 517 3900 haud
537 3835 605 3900 levi
625 3844 791 3900 momento
813 3844 873 3918 est,
894 3853 982 3919 ⁴quae
994 3818 1232 3894 terminationi-

130 3949 196 4015 -bns
219 3944 562 4031 dilatatisfrequenter
585 3955 618 4010 et
641 3944 712 4009 sino
734 3967 828 4010 eausa
850 3939 1015 4025 adhibitis,
1036 3938 1232 4026 praesertim

135 4054 413 4144 proparoxytonis
434 4054 469 4119 in
488 4062 538 4120 a‘oa
560 4053 770 4135 exeuntibus,
804 4072 886 4136 quae
909 4071 952 4114 ex
985 4048 1086 4114 latina
1117 4048 1231 4135 lingna

123 4164 290 4246 oriantur,
312 4161 477 4246 adductis,
499 4165 542 4229 cf.
556 4162 618 4237 To„
630 4163 666 4228 I:
684 4141 850 4245 ademeram
870 4159 938 4243 (25)
960 4165 1146 4238 satisfactione
1164 4158 1232 4241 (37)
