2752 4546
631 261 675 331 ⁹15

111 448 292 517 destruction
317 444 385 525 (56)
410 452 555 511 montlieu
577 443 647 526 (73)
668 451 859 523 perspectores
883 439 953 527 (43)
984 449 1060 526 eto,
1082 440 1207 507 multis·

27 547 29 550 ¹
110 579 174 644 qne
195 555 268 623 aliis
285 553 569 621 terminationibus
594 552 723 617 tractim
745 550 981 638 pronunciatis,
1014 551 1056 617 of.
1075 557 1207 630 follomer

111 668 179 753 (20,
196 666 247 748 21,
269 665 310 730 22
332 664 411 750 (bis)
439 661 515 745 etc.)
537 673 655 728 serrator
682 659 752 745 (28)
772 667 959 738 substentat,
987 668 1116 727 warrior
1137 657 1207 743 (46)

112 783 275 855 berberem
291 772 359 859 (56)
372 779 515 838 idoleters
526 769 595 854 (71)
608 779 669 834 etc.
687 768 839 850 efficitur,
862 766 907 832 ita
930 777 966 833 ut
987 789 1101 833 versus
1125 787 1207 833 sono

108 883 201 948 lento
233 879 417 948 afficiantur
448 887 479 942 et
509 898 609 965 saepe
641 875 739 942 modo
767 875 930 941 laborioso
963 885 996 941 et
1019 873 1146 942 difficili
1166 875 1208 940 ad

107 992 205 1059 finem
221 990 457 1079 perducantur,
482 987 524 1052 of.

195 1098 256 1167 Tb.
275 1099 303 1181 Ι,
315 1097 357 1164 59
377 1105 426 1164 Hc
446 1105 508 1165 mill
525 1105 596 1164 mre
617 1103 841 1163 Temberlee'res
861 1095 1070 1160 «destruction

193 1207 256 1273 Tb.
266 1207 293 1290 I,
301 1207 347 1288 ¹37
380 1215 404 1273 I
422 1214 487 1274 tete
509 1213 558 1288 tbp
577 1213 661 1272 dcem
681 1211 731 1284 for
752 1200 1044 1289 satisfactione-etc.

108 1315 178 1385 Sed
201 1315 367 1382 interdum
389 1313 568 1381 Marlovius
595 1314 684 1381 haud
707 1314 820 1402 inepte
849 1335 950 1380 voces
974 1313 1088 1399 plenas
1120 1333 1209 1379 men-

109 1447 165 1501 sus
189 1432 249 1508 est,
274 1423 318 1489 cf.

108 1582 111 1586 ι
194 1531 347 1616 Toum
368 1539 441 1610 Bm,
464 1538 496 1611 tf
513 1540 593 1599 there
615 1539 725 1597 threats
744 1553 824 1596 mooe
846 1540 896 1597 mot
915 1529 1115 1601 submissiore

193 1647 291 1708 Black
311 1664 364 1707 are
384 1648 431 1706 bis
452 1646 576 1719 colerere,
600 1646 685 1706 bloet
700 1639 863 1722 position.

209 1747 280 1813 Iam
301 1748 336 1813 in
366 1748 555 1812 universum
578 1746 619 1811 de
645 1746 782 1813 vocibus
812 1743 991 1831 dupliciter
1022 1743 1144 1810 mensis
1173 1743 1210 1809 id

111 1842 254 1923 stamere
274 1878 466 1942 possumus:
503 1856 647 1942 syllabas
679 1875 825 1943 syncope
853 1853 986 1919 affectas
1008 1853 1206 1941 plerumque

112 1964 147 2032 in
168 1964 261 2030 initio
285 1975 317 2031 et
332 1964 440 2031 medio
453 1987 551 2031 versu
573 1965 724 2047 inveniri,
746 1962 884 2050 reperiri
895 1970 1044 2028 extremo
1056 1961 1090 2027 in
1107 1983 1206 2027 versu

111 2074 227 2161 plenas
247 2097 387 2140 mensas.
431 2072 542 2139 Medio
577 2073 612 2139 in
635 2096 732 2139 versu
762 2071 909 2158 syllabae
931 2072 1051 2157 plenae
1074 2092 1208 2138 mensae

110 2205 184 2247 raro
208 2191 392 2265 occurrunt,
415 2185 456 2248 cf.
473 2182 532 2248 Tb.
547 2182 565 2247 I
578 2190 721 2248 moestior
733 2179 802 2264 (18)
825 2189 931 2247 satiate
946 2178 1015 2263 (74)
1035 2202 1212 2261 correpeoas

113 2291 201 2374 (84);
231 2290 402 2376 solumque
434 2311 549 2354 vocem
572 2313 708 2370 emperor
737 2291 823 2354 intra
850 2310 981 2353 versum
1003 2286 1211 2372 frequentius

113 2398 245 2485 plenam
270 2406 368 2487 pocta
392 2399 535 2483 metitur,
557 2400 599 2463 cf.
618 2397 712 2481 1,15‚
735 2398 788 2482 43,
807 2397 859 2482 53,
882 2397 936 2479 70;
967 2395 1134 2463 interdum
1153 2418 1209 2461 vo·

115 2527 186 2573 cem
208 2531 379 2590 conqueror,
402 2507 444 2573 cf.
464 2506 564 2592 Tb.I‚
578 2509 629 2575 36.
654 2505 797 2574 Omnino
820 2506 903 2573 duae
926 2526 1036 2590 voces,
1066 2504 1210 2590 adquae

114 2615 199 2679 actio
220 2617 373 2682 universa
397 2617 526 2684 fabulae
547 2625 682 2705 spectat,
705 2637 875 2702 quaequae
897 2614 988 2681 nulla
1007 2613 1130 2702 pagina
1152 2614 1213 2680 de-

115 2719 308 2802 siderantur,
346 2724 400 2806 (cf.
426 2749 560 2806 emperor
590 2725 625 2791 iu
655 2723 721 2789 fine
740 2744 858 2788 versus
891 2722 927 2788 in
957 2722 1060 2789 tribus
1087 2722 1212 2813 actibus

115 2829 203 2921 circa
226 2829 392 2916 viginties)
417 2841 543 2898 tantum
566 2833 682 2921 plenae
705 2853 840 2897 mensae
862 2852 898 2897 sc
926 2831 1102 2917 praebent:
1135 2851 1212 2918 pro·

114 2939 200 3015 fecto
221 2939 351 3025 signum
373 2941 516 3006 notabile
537 2941 673 3026 grandis
691 2930 820 3007 fibulae
838 2940 1002 3007 dictionis.
1024 2940 1079 3006 Ao
1094 2941 1212 3027 solum,

116 3047 238 3114 sicam
257 3072 373 3117 vocem
403 3050 438 3117 in
458 3050 713 3116 allocutionibus
747 3050 783 3115 in
810 3049 904 3116 initio
927 3071 1041 3115 vorsus
1072 3051 1213 3139 positam

117 3155 313 3244 invenimus,
345 3169 456 3233 utrum
488 3160 678 3226 trochaeum
701 3183 742 3225 an
763 3159 931 3245 dactylum
955 3167 1132 3227 statuamus
1156 3159 1213 3227 du·

116 3263 285 3333 bitandum
300 3278 366 3352 est3
388 3268 611 3334 semelmedio
632 3270 666 3334 in
686 3290 785 3334 versu
809 3289 956 3365 syncope
980 3278 1030 3334 cst
1046 3267 1141 3342 facta,
1165 3269 1209 3339 cf.

116 3371 177 3439 Tb.
200 3374 227 3459 I,
248 3376 289 3441 39
308 3382 394 3445 emet
413 3385 497 3445 reete
527 3402 571 3447 me
591 3385 682 3460 sotem
701 3402 835 3460 emperor
865 3384 902 3457 of
916 3382 1012 3457 Asia,
1046 3400 1110 3464 quo
1133 3376 1208 3445 loco

115 3480 204 3549 haud
229 3484 297 3550 scio
319 3509 361 3550 an
379 3508 511 3552 versum
532 3487 825 3573 dodecasyllabum
847 3487 961 3572 legere
984 3507 1081 3572 quam
1093 3508 1213 3556 -vocem

116 3617 253 3676 emperor
268 3593 430 3680 dignitate
450 3597 549 3661 trium
566 3596 767 3682 syllabarum
783 3596 913 3685 privare
926 3596 1094 3679 malimus3
1114 3618 1209 3683 prae·

117 3711 207 3770 terea
240 3725 278 3770 ea
301 3726 368 3771 vox
402 3728 476 3771 cum
508 3705 693 3791 insequenti
716 3713 753 3785 of
783 3706 1012 3772 conneotenda·
1038 3716 1144 3791 osset,
1173 3705 1210 3772 id
1274 3748 1279 3757 ·

111 3811 207 3894 quod
231 3811 361 3899 saepius
380 3814 466 3900 apud
487 3815 553 3880 alia
572 3817 673 3883 verba
685 3814 879 3902 permissum
901 3823 959 3880 cst.
982 3813 1100 3901 Neque
1117 3815 1213 3881 slltcr

118 3940 171 3984 res
191 3942 226 3985 se
248 3921 349 3988 habet
368 3923 404 3989 in
425 3924 534 3990 verbis
554 3949 677 4008 ⁴emperp
699 3934 732 3990 et
751 3947 895 4005 emperors
916 3923 1001 4007 (sola
1018 3923 1212 4012 pagina107
1311 4010 1315 4017 .

121 4036 236 4112 quater
259 4041 406 4100 extremo
420 4056 519 4103 versu
533 4035 669 4121 plenum
685 4032 861 4119 mensum),
883 4043 1023 4120 excepto
1044 4030 1131 4118 quod
1150 4032 1214 4098 hoc

120 4134 228 4215 medio
256 4136 293 4205 iu
321 4163 418 4209 versu
451 4166 624 4233 syncopen
657 4143 778 4232 accipit
810 4153 945 4228 tumque
975 4143 1047 4207 fere
1082 4162 1212 4229 semper
