2752 4546
670 320 711 386 99

184 506 388 589 v01.11,208
413 514 473 574 Tire
493 514 553 573 idle
575 515 728 588 triumphs,
750 532 892 589 musques,
917 515 1071 574 mutuose
1092 512 1184 571 eletos

186 621 259 681 And
279 620 582 698 prodtyulqifts
603 623 795 681 beetow'dou
814 621 969 690 Guumwn,

184 730 273 790 Hace
291 731 396 790 drusun
419 731 470 805 thy
490 735 700 805 trcueury
720 708 787 804 day,
810 729 871 789 ond
890 731 976 790 moda
1000 730 1063 788 ttcc
1083 729 1178 799 meum
1234 798 1238 805 ¹

185 838 247 898 The
265 841 533 914 murmurium
554 820 704 908 commune,
728 838 950 909 everelmum,
968 837 1069 897 break

240 925 353 1025 Atque
375 960 477 1005 unum
497 941 543 1023 id,
571 942 672 1005 verba
691 950 728 1004 ut
749 948 865 1022 tucinp,
889 949 996 1021 semoy,
1022 947 1118 1025 ocinq,
1155 958 1237 1022 quae

141 1047 223 1115 crasi
247 1057 412 1113 contracta
433 1059 528 1130 sunt,
564 1068 712 1133 quaeque
739 1048 853 1112 saltem
879 1055 1024 1132 oxytona
1045 1066 1117 1112 esse
1139 1043 1237 1110 debe·

142 1167 225 1238 rent,
254 1167 363 1222 tamen
386 1155 464 1222 satis
486 1177 583 1244 saepe
605 1158 637 1223 in
659 1177 775 1221 versus
800 1155 884 1220 thesi
907 1156 1011 1242 posita
1033 1175 1105 1220 csse
1125 1175 1237 1243 repre·

143 1265 354 1331 handendum
374 1286 446 1331 esse
466 1265 607 1347 videtur,
631 1266 672 1330 cf.
695 1265 760 1330 vol.
777 1264 812 1332 II

184 1373 244 1439 199
265 1381 425 1456 Huntup
447 1382 572 1456 braum
592 1382 638 1441 tle
655 1381 734 1440 Euri
758 1383 794 1453 of
810 1381 958 1442 Gornwull
978 1398 1017 1440 un
1035 1382 1082 1440 ln's
1099 1397 1173 1456 way,

183 1480 243 1544 193
265 1488 407 1563 Seetup
427 1488 497 1545 thou
516 1487 584 1546 lust
602 1487 729 1560 plaudent
749 1489 819 1547 with
840 1505 873 1546 sc
891 1488 969 1562 qood
986 1504 1107 1548 macces.

139 1587 377 1654 Distrectiones
409 1606 474 1652 non
505 1587 676 1675 pauciores
708 1588 742 1652 in
775 1591 947 1673 tragoedia
968 1598 1143 1656 Edwurd
1176 1600 1238 1666 tt‘e

140 1703 296 1773 Second,
317 1715 413 1781 quem
434 1696 467 1761 in
487 1695 603 1760 ceteris
625 1696 846 1778 inveniuntur,
866 1707 1111 1782 nequeuntem,
1135 1721 1233 1783 quum

141 1814 268 1869 tantum
289 1803 324 1868 in
344 1794 471 1885 verbis,
507 1803 624 1888 quibus
645 1814 734 1869 muta
764 1827 837 1868 cum
861 1803 986 1890 liquida
1005 1805 1088 1885 coit,
1121 1828 1236 1871 conce·
1282 1801 1284 1806 ’

140 1904 268 1994 dantur,
289 1913 375 1977 male
397 1923 520 1994 sonant,
535 1914 584 1979 ci.
599 1913 811 1995 Mcwd(c)ray-
824 1913 914 1997 (170)
937 1919 1121 1992 mapulam
1144 1914 1235 1998 (173)

137 2028 326 2100 fracct(e)rute
347 2020 609 2108 (178)·9cut(c)ry
630 2010 732 2109 (212).
764 2021 909 2088 ansura
932 2022 1095 2088 trochaice
1115 2023 1238 2109 pariter

140 2153 177 2194 ec
199 2130 291 2216 prius
314 2152 388 2194 raro
410 2130 586 2212 invenitur,
609 2132 651 2194 cf.

224 2238 285 2301 170
308 2244 362 2303 'Pl'
383 2245 555 2303 undeuuted
574 2247 666 2317 spuu
685 2246 721 2316 cf
740 2246 835 2319 Percu
856 2263 917 2304 acas
938 2246 1090 2319 oppcus'd,

224 2347 284 2411 195
313 2332 388 2413 Uicto
410 2371 466 2411 our
486 2354 595 2422 maun,
618 2354 665 2412 rte
686 2353 766 2413 Eurl
786 2354 823 2424 of
840 2353 1014 2413 Gloccstrn's
1037 2354 1110 2423 teir,

139 2475 246 2540 neque
282 2475 361 2520 vero
397 2474 494 2541 saepe
525 2451 558 2516 in
590 2452 703 2538 primis
736 2452 928 2540 Shaksperii
963 2453 1083 2518 fabulis
1115 2459 1235 2519 exstat.

139 2558 236 2641 Quod
260 2557 301 2622 ad
329 2567 626 2624 ceteras-versuum
650 2557 868 2645 proprietates
902 2559 1016 2623 attinet
1045 2560 1080 2624 in
1104 2562 1234 2626 univer·

139 2688 211 2732 sum
241 2664 330 2731 idem
353 2667 441 2752 quod
474 2666 516 2732 de
549 2667 720 2753 tragoedia
747 2675 822 2734 Tlos
843 2675 918 2734 lew
938 2675 976 2746 of
995 2677 1122 2736 Multo
1152 2669 1235 2733 iudi-

139 2776 278 2841 cendum
300 2783 359 2840 est.
404 2774 658 2841 Coniunctiones
683 2777 915 2841 nonnullorum
945 2777 1094 2841 brevium
1119 2778 1235 2842 verbo-

137 2907 210 2949 rum
233 2906 307 2948 cum
330 2882 550 2972 praecedente
575 2893 630 2948 aut
651 2883 847 2968 insequente
864 2885 935 2971 pari
959 2884 1056 2950 modo
1077 2884 1233 2951 adhiben-

138 2999 190 3055 tur
214 3012 320 3076 neque
342 3011 421 3054 vero
441 3012 584 3075 unquam
609 3010 723 3054 versus
746 2989 845 3055 duros
868 2989 1018 3056 reddunt.
1060 2992 1235 3059 Breviores

138 3120 251 3164 versus
273 3098 404 3187 plurimi
437 3098 646 3164 inveniuntur
668 3107 701 3163 et
730 3121 890 3164 unacum
912 3099 1091 3165 mutatione
1121 3122 1233 3189 perso-

138 3230 253 3273 narum
275 3208 377 3272 verba
397 3207 585 3272 facientium
608 3228 706 3293 saepe
736 3216 769 3271 et
791 3207 969 3295 diligenter
989 3207 1078 3274 intra
1103 3229 1234 3272 versum

139 3324 308 3383 blunloerse
330 3317 439 3382 usitati
471 3312 635 3400 dialogum
665 3338 784 3402 magna
816 3317 975 3382 varietate
997 3327 1114 3383 ornant
1145 3328 1178 3383 et
1200 3317 1234 3383 in

137 3425 344 3508 longioribus
366 3425 553 3508 monologis
578 3423 716 3490 orationi
739 3424 975 3513 compositione
997 3425 1232 3491 sententiarum

138 3542 172 3599 et
192 3554 346 3598 versuum
373 3533 547 3598 artificiosa
568 3533 712 3620 speciem
740 3534 906 3599 excelsam
928 3545 961 3599 et
983 3556 1120 3620 gravem
1144 3535 1233 3599 attri-

138 3643 250 3708 buunt.
292 3641 409 3729 Neque
437 3664 575 3727 usquam
606 3643 676 3708 iere
711 3643 815 3708 oratio
851 3642 1000 3729 prosaica
1031 3641 1151 3730 scripta
1184 3653 1234 3707 est

141 3749 283 3836 (putu).
308 3749 377 3817 Sed
391 3753 579 3837 ubicunque
602 3751 707 3816 oratio
730 3750 873 3816 sermoni
895 3751 1025 3839 vulgari
1048 3772 1232 3838 congruens

139 3859 294 3944 poscitur,
327 3869 363 3923 ut
391 3860 425 3924 in
447 3859 594 3926 oratione
618 3858 789 3949 praeconis
819 3863 865 3948 (p.
882 3859 977 3942 232),
1012 3881 1126 3925 versus
1158 3860 1233 3925 sim·

138 3967 243 4054 plices
270 3978 302 4031 et
329 3967 371 4035 ed
392 3991 540 4035 normam
563 3968 639 4033 facti
669 3967 890 4034 inveniuntur.
933 3968 1060 4034 Versus
1081 3978 1233 4034 sonantes

138 4095 203 4139 non
226 4076 367 4162 saepius,
388 4068 499 4163 'quam
521 4076 556 4141 in
576 4075 748 4169 tragoedia
773 4084 848 4143 Tha
868 4085 890 4143 1
896 4101 947 4143 cau
967 4085 1010 4155 of
1026 4085 1065 4143 M
1071 4084 1159 4144 ulte
1179 4077 1232 4142 ad·

137 4180 292 4249 hibentur
325 4183 505 4270 eodemque
538 4206 690 4253 successu
717 4185 907 4253 scribuntur
935 4193 968 4250 et
997 4185 1038 4249 ad
1067 4186 1231 4253 orationes
