2752 4546
672 247 715 314 34
785 246 789 253 .

192 428 239 496 B.-
267 438 370 499 wsa‘s
389 438 492 499 ruas
510 431 561 496 a:
585 437 686 498 Wsoe
708 437 792 497 uus
814 429 1120 517 ufarassaus,
1144 441 1191 500 aa
1204 440 1234 498 1.

149 561 211 630 qua
247 562 301 624 re,
335 547 372 605 ut
406 561 448 605 ex
478 539 588 606 verbis
617 547 764 625 apparet,
782 558 785 562 ⁴
801 540 1001 628 exspectatio
1029 541 1127 607 anxia
1155 541 1235 608 scite

147 648 362 735 depingitur.'

244 757 420 824 Praeterea
430 758 605 823 nonnullos
618 779 731 824 versus
744 761 861 826 breves
873 780 939 825 non
951 760 1119 846 suppletus
1131 761 1235 827 multo

145 867 286 954 saepius,
318 887 413 953 quarn
436 866 471 930 in
497 864 658 952 prioribus
680 866 801 933 fabulis
824 875 953 933 exstare
975 867 1234 949 invenimuacf.

144 1000 175 1065 p.
186 975 258 1058 291,
278 974 460 1041 ubiversus
482 983 514 1039 et
536 973 645 1039 oratio·
659 974 821 1062 pedestris
841 976 926 1042 inter
947 997 983 1040 se
998 986 1232 1062 permutantur.

146 1083 211 1166 Qui
231 1105 345 1150 versus
369 1085 486 1149 breves
508 1085 543 1148 in
563 1082 655 1149 initio
678 1094 769 1152 actus
790 1084 896 1171 quarti
918 1109 951 1174 p.
972 1085 1047 1166 305,
1076 1096 1113 1151 ut
1134 1086 1233 1152 inter·

143 1193 337 1280 pollutiones
365 1203 491 1259 mutuas
523 1213 736 1279 personarum
766 1196 866 1261 verbs
894 1193 1083 1260 facientium
1106 1194 1235 1279 siguifi-

144 1313 230 1387 cent,
264 1302 340 1369 satis
370 1302 480 1389 inepte
514 1300 651 1367 adhibiti
681 1312 766 1386 sunt,
800 1327 898 1392 quum
928 1326 1047 1370 scenae
1069 1320 1183 1370 versus
1206 1306 1235 1372 si

144 1413 300 1479 contracti
328 1433 460 1478 versum
491 1433 593 1476 unum
622 1411 812 1497 formarent,
860 1416 965 1479 forms
998 1413 1234 1481 multominus

88 1594 90 1627 1
142 1520 274 1586 duriore
298 1531 416 1587 essent.
457 1519 525 1590 Sed
547 1520 662 1602 rarius,
685 1542 782 1606 quam
803 1522 838 1587 in
859 1522 1022 1610 prioribus
1042 1521 1161 1587 fabulis
1181 1544 1233 1589 se·

88 1630 91 1721 t
143 1629 226 1695 narii
248 1652 362 1696 versus
384 1628 523 1694 immixti
546 1639 629 1712 sunt,
654 1631 709 1713 (cf.
734 1641 868 1697 tantum·
881 1655 913 1720 p.
931 1633 1003 1716 335,
1017 1633 1072 1715 163
1094 1632 1232 1717 338,23;

85 1726 91 1857 ί
143 1739 215 1823 348,
228 1739 282 1823 26)
313 1748 347 1804 et
376 1739 479 1805 oratio
502 1739 649 1827 prosaica
673 1741 775 1805 multo
793 1740 908 1822 rarius,
933 1764 1029 1829 quem
1050 1741 1085 1807 in
1106 1752 1234 1828 tragoe-

84 1857 88 1927 J
143 1847 197 1912 dis
224 1847 363 1913 Faustae
387 1849 579 1936 plerumque
599 1848 635 1912 in
654 1849 763 1914 scenis
785 1849 928 1915 scurrilis
950 1850 1093 1935 generis,
1116 1851 1232 1936 quibus

141 1979 300 2046 personae
319 1957 425 2046 plebis
447 1966 549 2042 agnat
571 1957 625 2040 (cf.
645 1980 677 2045 p.
698 1958 762 2022 314
782 1957 859 2041 etc),
880 1960 1033 2027 occurrit.

240 2067 286 2132 At
318 2075 431 2132 contra
456 2065 603 2160 versione
633 2066 821 2148 sonantibus
850 2067 884 2131 in
908 2089 945 2132 ea
976 2069 1086 2134 fabula
1119 2066 1229 2156 paullo

141 2175 269 2264 saepius
291 2183 387 2263 poeta
411 2197 488 2240 usus
511 2184 570 2242 est.
608 2174 745 2241 Praeter
764 2176 851 2241 enim
872 2198 968 2242 usum
991 2179 1163 2263 uulgarem
1184 2175 1230 2240 ita

141 2295 177 2352 ut
199 2284 234 2350 in
252 2287 317 2352 fine
340 2285 495 2352 orationis
517 2283 716 2350 excitatioris
740 2277 796 2349 aut
823 2295 913 2351 ectus
934 2295 992 2353 aut
1012 2307 1130 2353 scenae
1150 2285 1228 2352 scri·

140 2396 268 2475 bantur,
282 2416 413 2461 carmen
435 2414 618 2459 amorosum
629 2416 727 2479 yersu
750 2394 880 2461 heroico
893 2395 1005 2479 (term
1020 2397 1114 2478 verse)
1129 2395 1231 2480 scrip·

140 2510 208 2568 tum
230 2525 262 2590 p.
273 2503 336 2568 319
356 2501 539 2568 invenimus
554 2522 671 2567 scenae
692 2501 778 2566 inter
794 2523 922 2567 servum
947 2511 980 2565 et
1000 2502 1109 2566 lenam
1130 2501 1228 2566 finem

140 2611 320 2700 imponere,
353 2610 444 2676 cuius
467 2611 569 2675 rerba
597 2607 792 2696 granditatis
814 2617 847 2672 et
868 2607 1006 2671 affectus
1029 2607 1129 2695 plena
1151 2606 1229 2673 satis

93 2686 105 2817 i
139 2720 221 2786 mire
250 2743 326 2786 cum
357 2726 469 2785 earum
507 2740 722 2806 personarum
751 2717 878 2802 reliquo
915 2737 1066 2783 sermone
1099 2715 1229 2800 vulgari

102 2820 106 2891 ἰ
140 2827 357 2895 consentiunt.
378 2827 553 2894 Praeterea
566 2847 682 2892 versus
704 2836 857 2892 sonantes
872 2827 970 2891 etiam
990 2826 1042 2891 bis
1056 2825 1111 2908 (cf.
1123 2825 1188 2890 voL
1200 2825 1229 2906 I,

103 2906 108 3011 i
138 2959 171 3027 p.
181 2937 244 3002 274
265 2946 299 3004 et
314 2937 390 3022 279)
413 2937 454 3002 ad
476 2939 577 3003 verba
599 2935 770 3003 summisse
790 2934 1032 3000 dicta‘acoentu
1062 2933 1230 2999 efferenda

105 3046 108 3057 '
139 3046 252 3130 factos,
283 3067 365 3135 quae
390 3046 522 3113 dicendi
553 3044 635 3111 ratio
665 3045 699 3110 iu
727 3043 899 3129 tragoedia
923 3041 1152 3110 Tamburlct'ae
1179 3042 1230 3109 tlte

143 3155 246 3223 Orant
275 3155 344 3221 fere
368 3175 545 3239 uunquam,
576 3152 612 3219 in
633 3153 803 3239 tragoedia
829 3151 969 3218 Faustus
993 3174 1079 3225 raro.
1112 3151 1175 3217 hac
1195 3151 1230 3216 in

138 3264 248 3331 fabula
267 3263 408 3353 primum
430 3262 558 3350 saepius
578 3262 733 3344 occurrit,
755 3261 949 3328 invenimus.
970 3261 1090 3328 Exitus
1104 3281 1228 3341 versus,

139 3373 194 3461 qni
208 3374 414 3440 nominantur
432 3372 577 3454 feminei,
590 3372 650 3439 etsi
662 3371 772 3460 paullo
785 3370 926 3457 saepius,
941 3392 1038 3456 quom
1050 3370 1084 3436 in
1097 3370 1229 3451 Fausto,

136 3490 248 3548 tamen
279 3504 345 3549 non
378 3483 481 3570 plura,
517 3503 614 3567 quam
647 3464 695 3547 in
713 3479 884 3568 tragoedia
919 3478 1148 3546 Tomitas-lutae
1178 3475 1229 3541 the

143 3591 245 3660 Orcat
270 3591 489 3681 reperiuntur.
544 3591 655 3679 Atque
683 3589 779 3656 etiam
812 3588 1047 3678 proprietatem
1075 3604 1228 3652 versuum

139 3702 208 3767 eius
229 3701 359 3767 fabulae
391 3701 518 3768 scilicet
546 3701 665 3768 orasim
689 3701 864 3766 verborum
883 3699 1033 3765 brevium
1057 3704 1112 3762 aut
1133 3717 1153 3759 a
1172 3714 1229 3758 vo-

138 3810 200 3878 cali
222 3819 278 3876 aut
299 3812 373 3877 abts
390 3809 618 3898 incipientium
639 3832 713 3876 cum
734 3831 814 3875 voce
836 3807 1048 3875 antecedente
1060 3803 1110 3887 '(u,
1133 3811 1166 3880 u,
1186 3812 1227 3880 trs,

81 3954 91 3977 ⁴.
135 3927 172 3987 ha
191 3923 270 4000 etc.)
291 3940 390 4007 saepe
412 3919 530 3985 factam
553 3920 696 3986 adiicere
715 3938 899 4007 possumus.
922 3915 1015 3997 Quae
1028 3914 1131 3978 verba
1154 3935 1229 3980 oon·

88 4014 95 4091 ὲ
136 4037 239 4094 tracta
261 4027 296 4095 in
319 4027 430 4093 fabula
449 4027 552 4094 multo
574 4029 680 4117 plura,
702 4048 799 4115 quarn
820 4025 855 4090 in
876 4020 1056 4108 tragoediis
1075 4019 1229 4088 Tembros-'-

138 4137 226 4202 laice
248 4136 299 4202 the
322 4136 424 4232 Gract
447 4145 481 4202 et
505 4135 656 4221 Fateatur,
686 4134 744 4203 nbi
765 4131 923 4201 nonnulle
943 4141 1080 4214 tanturn,
1112 4134 1228 4205 utura,
