2752 4546
670 329 710 393 37

137 512 219 577 loeis
240 511 339 579 haud·
356 515 561 604 suspicandis
594 525 747 599 exstant,
765 516 810 580 ita
831 524 876 580 ut¹
889 500 1013 582 textum
1046 504 1238 604 corruptum*

138 631 282 688 statuere
301 646 369 689 non
392 625 563 714 possimus.
589 627 707 711 Aeque
731 647 846 693 versus
865 635 1016 690 sonantes
1037 635 1073 689 ut
1092 624 1126 689 in
1148 623 1236 715 prio-

139 731 228 797 ribus
261 733 379 798 fabulis
406 752 549 822 perraro
572 746 605 799 et
638 735 709 799 siue
739 733 875 800 consilio
904 734 1040 799 adhibiti
1074 744 1159 815 sunt,
1193 734 1233 796 cf.

139 838 350 924 monologum
376 841 484 909 Guisii
518 865 549 929 p.
569 836 745 909 299-*302
772 838 931 908 'Tantum
956 842 1003 907 bis
1021 863 1081 906 'eos
1103 863 1234 907 scenam
1320 903 1324 915 ,

136 947 233 1013 finire
255 949 445 1014 invenimus·
466 950 510 1034 (p
535 949 606 1031 296,
630 950 716 1033 319),
740 961 774 1015 et
795 951 857 1038 ipsi
877 948 993 1017 uersus
1018 960 1171 1015 sonantes
1193 948 1235 1013 ad
1319 943 1321 946 ’

116 1057 235 1122 ΒΜ]
258 1056 392 1122 fabulae
413 1058 523 1122 usitati
546 1057 711 1126 deficiunt.
756 1043 758 1048 ’

237 1166 307 1232 sod
328 1164 488 1253 imprimis
516 1166 558 1230 de
580 1168 730 1233 versibus
761 1168 969 1234 brevioribus
990 1166 1235 1232 innumerabili·

137 1276 198 1339 bus
219 1296 386 1362 uunquam
417 1274 498 1341 duos
523 1274 734 1360 insequentes
764 1298 872 1364 neque
895 1272 929 1341 in
959 1277 1090 1361 dialogo
1112 1274 1236 1360 agitato

138 1383 180 1449 ad
206 1404 305 1448 unum
330 1406 359 1449 v.
383 1391 553 1451 bmnhoerae
572 1383 728 1468 coniungi
750 1406 848 1472 posse
871 1384 1053 1450 mirandum
1080 1393 1137 1450 cst.
1165 1383 1236 1448 Iam

137 1494 164 1557 si
186 1493 356 1579 tragoedia
381 1501 459 1560 Tite
477 1500 698 1559 Moaaacrc
719 1496 893 1559 otPora's
913 1502 1028 1580 postea
1054 1514 1149 1577 quam
1171 1502 1235 1555 tra-

138 1599 278 1684 goediae
313 1608 388 1666 Tite
418 1608 494 1665 Iam
524 1607 712 1678 ofMolto
743 1613 775 1664 et
795 1608 970 1667 Edwurd
1001 1611 1062 1667 tte
1082 1608 1238 1668 Second

140 1707 260 1795 scripta
274 1719 370 1787 esset,
392 1706 528 1792 quarum
551 1730 718 1774 sormones
730 1709 910 1776 Marlovius
926 1731 964 1774 co
984 1710 1122 1774 artificio
1147 1719 1237 1775 tanta

139 1820 382 1884 amoenitatem
395 1818 552 1884 suavitate
574 1821 719 1901 ornabat,
742 1820 894 1906 profecto
916 1819 973 1883 ille
998 1819 1057 1883 hac
1078 1818 1112 1882 in
1127 1818 1236 1882 fabula

142 1946 222 1990 non'
239 1922 457 2013 neglexisset,
493 1949 592 2013 quum
622 1950 710 1992 nunc
742 1927 852 1992 multis
880 1927 1032 2013 dipodiis,
1074 1927 1238 2014 tripodiis,

142 2036 360 2121 quaternariis
384 2046 445 2101 etc.
468 2059 533 2101 non
563 2036 755 2117 coniunctis,
788 2036 843 2121 qui
867 2056 931 2100 non
955 2057 1068 2136 omnes
1091 2037 1235 2120 corrupti

138 2142 253 2210 haberi
276 2155 412 2230 possunt
427 2160 633 2230 quorumque
654 2145 806 2210 nonnulli
828 2146 942 2210 saltem
967 2142 1123 2228 coniungi
1139 2164 1235 2232 posse

138 2246 341 2334 debuissent,
372 2273 485 2316 versus
514 2253 621 2317 forma
652 2248 823 2318 durissima
853 2254 928 2333 sint,
961 2253 1005 2317 ita
1028 2264 1063 2317 ut
1086 2274 1184 2340 saepe
1207 2275 1236 2317 v.

138 2366 310 2426 emkoerse
330 2359 388 2422 vix
412 2359 590 2448 suspiceris
612 2363 670 2442 (of.
693 2385 724 2448 p.
736 2360 927 2445 308-314).

184 2480 188 2525 t
238 2469 298 2534 IV.
323 2467 442 2550 Quare,
469 2491 568 2555 quum
592 2469 633 2533 de
654 2469 809 2557 opinione
832 2469 969 2537 collieri
992 2469 1136 2534 fabulam
1163 2475 1237 2536 Tire
1264 2475 1265 2480 ’

139 2585 177 2643 M
185 2600 356 2643 assuere
377 2588 420 2642 at
441 2581 566 2643 Porta
585 2577 734 2641 ultimam
755 2600 782 2642 a.
803 2577 964 2644 Marlovio
985 2577 1138 2665 scriptam
1161 2598 1234 2643 esse

139 2685 236 2749 valde
259 2684 475 2749 dubitandum
499 2693 558 2767 est,
590 2694 691 2749 restat
714 2708 798 2749 nunc
822 2686 926 2750 altera
948 2686 1059 2752 fabula
1083 2685 1236 2750 historica

140 2795 241 2858 multo
254 2793 514 2858 consideratione
528 2793 658 2878 dignior
669 2793 814 2860 lidword
826 2795 878 2860 tire
890 2794 1031 2878 Second,
1042 2816 1124 2879 quae
1134 2795 1236 2858 multo

113 2901 243 2988 ‘magis
276 2911 424 2966 extremo
448 2903 521 2966 loco
544 2902 698 2986 ponenda
723 2903 881 2967 videatur.
928 2903 1009 2967 Eam
1036 2903 1236 2982 Warton¹)
1333 2894 1336 2899 ¹

139 3031 224 3073 anno
240 3011 321 3073 1590
340 3008 497 3096 scriptam
520 3030 591 3074 esse
616 3010 783 3074 contendit
805 3032 911 3095 neque
932 3032 1011 3075 vero
1034 3010 1236 3096 argumentis

140 3116 373 3203 comprobavit,
398 3115 582 3182 Ocllier
603 3129 636 3182 et
656 3118 688 3182 D
701 3118 808 3203 yciu
819 3142 833 3182 s
844 3119 870 3201 ²)
893 3119 979 3183 inter
998 3117 1129 3184 ultimas
1150 3120 1236 3184 ‘Mar-

142 3223 360 3290 loviifabulas
383 3233 511 3312 tempus
523 3225 705 3291 accuratius
728 3248 795 3291 non
807 3225 1030 3312 disquirentes
1053 3237 1236 3292 numerant.

138 3332 308 3418 Optimum
342 3333 445 3398 nostri
473 3342 589 3419 poetae
623 3333 735 3399 drama
757 3356 830 3401 esse
854 3356 967 3400 omnes
995 3336 1057 3400 viri
1080 3335 1236 3401 historiae

130 3437 306 3506 'literarum
327 3443 424 3528 periti
448 3444 667 3526 consentiunt,
680 3443 720 3508 cf.
739 3443 832 3528 Dyce,
853 3451 900 3510 tlte
917 3453 1013 3510 werke
1024 3450 1135 3523 ofOtr.
1149 3451 1237 3511 Mar·

140 3557 210 3615 lotoe
231 3549 258 3627 I,
282 3547 403 3614 XXII:
445 3558 516 3628 But,
547 3560 633 3618 tolera
652 3575 686 3618 oa
708 3577 728 3618 a
747 3559 845 3628 whom,
868 3563 892 3618 it
915 3562 942 3618 is
966 3560 1013 3619 tlte
1031 3563 1105 3618 most
1123 3558 1238 3634 perfect

139 3664 174 3735 of
189 3666 235 3724 tis
254 3666 360 3739 playa·
388 3666 467 3724 there
494 3668 578 3726 israe
599 3670 757 3744 mertuos
779 3668 815 3739 of
833 3669 992 3738 character,
1024 3686 1063 3727 ao
1091 3668 1235 3744 turpidtty

144 3855 283 3862 ...Ἦ-..ω
292 3856 326 3862 --›
331 3854 338 3862 ο

239 3993 265 4058 1)
287 3999 320 4046 cf.
349 3997 502 4061 Warton,
517 3998 668 4066 History
686 4000 885 4069 ofEnqla'ad
900 4002 1102 4067 Poctry,rol.
1117 4000 1233 4062 [meo.

240 4088 267 4154 2)
287 4092 319 4141 af.
341 4092 407 4144 Tlos
425 4096 537 4147 worda
556 4097 594 4164 of
609 4097 686 4148 Otr.
710 4096 875 4150 Mortem
896 4101 936 4165 ty
957 4097 987 4147 A.
1008 4098 1113 4163 Duce,
1139 4097 1192 4146 vol.
1215 4097 1234 4157 1,

141 4200 202 4251 pag.
222 4183 307 4235 XXII.
