2752 4546
670 247 711 311 23

146 433 276 499 fabulae
301 450 442 518 persona
462 431 533 517 ipse
562 430 727 515 loquitur,
756 429 876 515 quique
910 439 1090 495 extremam
1123 450 1238 494 scenae

114 522 117 527 ⁵
144 549 270 628 partem
286 540 471 622 cananeae
495 548 563 605 tum
586 539 620 604 in
633 539 735 607 altera
757 549 850 626 parte
870 539 965 617 tortia
985 558 1082 603 scena
1104 535 1237 602 secundi

143 659 233 715 actus
262 658 410 714 stactus
438 647 552 715 tertius
580 640 814 712 annumerandi
836 655 929 726 sunt,
961 646 1017 710 ubi
1042 667 1156 710 versus
1186 666 1237 711 so-

144 766 260 823 nantes
281 756 385 824 solum
407 777 447 819 eo
473 753 608 831 consilio
632 753 919 841 poetascripsisse
946 753 1085 833 videtur,
1108 762 1143 819 ut
1167 754 1236 817 exi·

143 876 211 929 tum
245 885 364 930 scenae
405 862 641 945 manifestaret,
673 865 759 929 sicut
801 885 914 931 versus
951 861 1089 937 extremi
1120 860 1235 927 utrius-

144 995 207 1058 que
231 971 331 1060 partis
353 970 544 1055 tragoediae
570 970 740 1037 manifesto
762 971 805 1035 ad
829 969 1084 1041 concinnitatem
1106 969 1237 1046 fabulae

143 1081 298 1147 maiorem
321 1078 530 1147 efficiendam
556 1088 683 1144 sonant.
725 1079 902 1145 Praeterea
924 1077 985 1155 Tb.
1000 1078 1026 1157 Ι,
1043 1077 1103 1143 110
1123 1085 1156 1153 ct
1176 1076 1236 1142 Tb.

143 1189 189 1269 II,
203 1187 266 1252 224
276 1197 309 1253 et
320 1188 392 1268 225,
412 1189 467 1252 ubi
491 1184 732 1274 dictio'aspera
751 1197 783 1250 ot
800 1186 940 1252 excitata
955 1185 1082 1250 fabulae
1098 1184 1238 1248 molliori

143 1295 229 1360 cedit
251 1296 384 1379 habitui,
407 1296 786 1362 orationcsZenocrstae
810 1307 843 1360 et
867 1293 1051 1361 Tamerlani
1074 1291 1236 1357 moriundi

142 1403 291 1469 versibus
324 1407 511 1471 sonantibus
545 1406 692 1492 insignes
728 1418 811 1475 sunt.
858 1407 966 1473 Simili
1006 1409 1102 1474 morlo
1141 1416 1237 1490 atque

142 1511 232 1599 apud
245 1511 481 1600 Shaksperium
502 1515 561 1580 Tb.
575 1515 656 1595 1,44
679 1525 711 1578 et
733 1517 774 1580 90
793 1517 991 1580 sententiose
1026 1516 1114 1580 dicta
1136 1515 1236 1580 versi-

141 1620 202 1684 bus
223 1620 414 1686 sonautibus
436 1642 596 1708 expressa
619 1631 703 1686 sunt.

220 1727 358 1821 ‚Neque
388 1751 467 1794 vere
502 1730 603 1795 maior
625 1730 762 1795 varietas
791 1740 823 1794 ct
852 1730 1010 1810 ambitus,
1044 1731 1086 1795 ita
1111 1739 1147 1794 ut
1177 1730 1237 1794 teti

142 1830 232 1900 actus
255 1858 368 1901 versus
390 1830 540 1902 senentes
562 1837 792 1921 continuerint,
816 1847 870 1902 aut
890 1860 1003 1903 versus
1027 1848 1177 1904 sonantes
1197 1837 1259 1902 ad'

141 1945 290 2031 regulam
316 1954 437 2011 certam
464 1946 550 2011 inter
574 1969 608 2010 se
633 1957 794 2013 mutantes
817 1947 954 2012 adhibiti
976 1948 1050 2030 sint,
1075 1947 1121 2029 (id
1148 1946 1237 2033 quod

142 2051 175 2117 in
187 2051 379 2140 Shaksperii
401 2054 516 2119 fabulis
538 2037 625 2119 haud
647 2078 720 2120 raro
739 2055 927 2141 reperitur),
948 2055 1097 2120 versibus
1120 2077 1235 2119 sonan·

143 2158 229 2226 tibus
241 2146 380 2246 nsquam
397 2185 552 2228 concessa
567 2173 649 2228 sunt.
672 2163 859 2248 Praeterea,
882 2162 920 2228 ut.¹
938 2186 979 2253 egr
1002 2165 1107 2228 allatis
1128 2185 1237 2228 exem-

142 2267 205 2355 plis
228 2281 383 2354 apparet,
414 2271 515 2335 verba
542 2262 624 2354 quae
647 2293 799 2335 versuum
825 2254 1007 2335 sonantium
1032 2271 1139 2336 exitus
1162 2293 1236 2335 con-

142 2377 264 2459 tinent,
297 2378 407 2465 paucis
432 2379 578 2465 exceptis
606 2378 639 2442 in
663 2379 907 2443 constructione
935 2379 1088 2444 orationis
1113 2379 1238 2443 minere

141 2485 344 2568 auctoritate,
364 2488 560 2574 plerumque
582 2488 775 2574 pronomina
791 2495 926 2570 mathee,
948 2513 994 2569 aa,
1017 2484 1057 2554 wc
1071 2496 1131 2551 etc.
1153 2498 1237 2568 sunt,

143 2615 207 2677 quo
229 2595 323 2680 pauci
346 2615 460 2660 versus
482 2605 633 2660 sonantes
656 2595 760 2680 magis
786 2594 881 2660 etiam
896 2605 1100 2661 evanescant.
1116 2631 1151 2642 -
1167 2595 1237 2660 Iam

142 2723 255 2766 versus
278 2713 441 2785 sonantes,
468 2726 608 2788 quorum
630 2703 830 2791 paenultima
851 2716 1022 2768 accentum
1043 2703 1136 2786 ferat,
1160 2726 1233 2768 nus·

142 2833 237 2895 quam
261 2812 293 2874 in
316 2811 466 2878 Marlovii
489 2812 606 2878 fabulis
632 2811 799 2898 explorari
822 2823 976 2900 possunt,
1000 2834 1107 2897 neque
1132 2811 1236 2876 minus
1279 2899 1290 2907 .

143 2919 250 2983 exitus
272 2927 572 2988 versusblanlavcrac
593 2921 642 3004 (ur
665 2922 709 2984 ita
722 2921 840 3005 dicam)
862 2920 992 2984 feminei
1015 2943 1094 3008 prae
1118 2916 1235 2984 ceteris
1258 2976 1262 2982 .

142 3026 298 3091 rarissimi
329 3027 499 3115 imprimis,
517 3028 550 3093 in
586 3029 755 3113 tragoedia
791 3027 1020 3093 Tambarlac'ne
1048 3027 1097 3092 rba
1137 3029 1237 3093 Great

140 3134 359 3217 inveniuntur.
404 3135 432 3200 Ii
463 3147 540 3204 tunc
570 3136 702 3201 omnino
732 3136 765 3201 in
798 3159 896 3201 versu
928 3136 1034 3202 iambo
1060 3136 1234 3221 quinorum

141 3242 273 3328 pedum,
297 3266 396 3328 quum
421 3242 455 3309 in
477 3267 572 3311 versu
594 3246 728 3311 heroico
742 3248 968 3330 (berotcoerae),
989 3255 1058 3309 tum
1081 3245 1176 3309 ctiam
1200 3243 1234 3307 in

142 3371 238 3414 versu
253 3359 421 3420 blanhaerac
437 3354 532 3441 pauci
553 3363 677 3418 tantum
701 3354 844 3418 concessi
870 3365 972 3435 erant,
998 3376 1093 3440 quam
1109 3353 1232 3437 obrem

142 3459 251 3524 exitus
273 3481 427 3526 versuum
449 3462 551 3528 virilis
573 3472 608 3526 nt
629 3454 787 3546 grandior
808 3476 839 3528 et
857 3462 1018 3528 excelsior
1041 3463 1233 3529 aMarlovio

141 3567 211 3631 fere
233 3589 363 3656 semper
386 3567 532 3634 delectus
556 3580 614 3634 est.
662 3569 703 3634 In
733 3570 843 3658 priore
866 3570 1054 3655 tragoediae
1080 3568 1234 3633 Tanadar-

143 3674 229 3740 iaine
261 3675 312 3740 tte
342 3676 442 3744 Oreat
473 3666 565 3764 perte
595 3688 721 3743 tantum
742 3679 783 3743 62
815 3670 1065 3743 θκίῐυεῖνθιᾞυε
1100 3678 1234 3744 feminei

141 3784 358 3871 reperiuntur,
377 3803 489 3851 eorum
503 3787 659 3852 autemssl
675 3797 759 3869 sunt,
784 3789 824 3852 de
849 3789 965 3872 quibus
979 3787 1152 3852 metiendis
1166 3787 1235 3851 inre

143 3892 281 3958 dubitari
297 3904 405 3980 potest
418 3894 475 3974 (cf.
487 3895 528 3960 22
543 3904 658 3972 heaven,
683 3897 703 3960 9
713 3920 821 3977 power,
844 3898 994 3975 3alaowcr,
1016 3907 1111 3971 temer,
1132 3904 1234 3970 bercer,

141 4000 267 4085 maycr)
295 4025 378 4097 quae
401 4006 500 4069 verba
525 4003 633 4069 medio
655 4004 688 4068 in
712 4025 810 4068 versu
838 4012 1008 4072 blaakccree
1035 4003 1239 4069 occurrentia

141 4105 212 4172 fere
235 4129 365 4198 semper
389 4133 535 4198 syncope
556 4111 674 4196 attigit,
696 4113 741 4176 ita
763 4121 798 4177 ut
820 4111 861 4176 25
884 4121 1006 4177 tantum
1031 4110 1138 4177 exitus
1162 4133 1233 4176 ver·
