2752 4546
644 240 721 331 ¹*aa

173 336 178 365 l

158 452 212 495 sus
235 452 316 496 vere
338 436 470 502 feminei
499 436 533 501 in
556 436 725 522 tragoedia
738 442 874 501 ‘eentum
904 434 1040 522 paginas
1063 433 1251 501 continente

157 543 348 608 aestimaudi
380 544 453 610 sint.
503 544 618 608 Paullo
649 543 744 636 aliter
775 565 829 608 res
858 545 892 609 in
926 545 1028 609 altera
1061 542 1253 627 tragoediae,

157 663 249 738 parte
276 675 311 718 se
334 655 441 732 habet,
467 676 529 738 qua
550 654 697 742 exceptis
720 653 827 720 dubiis
857 655 966 718 verbis
987 652 1038 728 (29
1059 662 1179 735 heaven,
1214 653 1252 717 13

154 784 256 840 power
270 763 343 842 etc)
368 748 524 828 numerus
548 784 679 848 quoque
702 763 852 827 minimus
877 762 1022 828 exituum
1040 762 1081 826 33
1101 782 1181 826 vere
1205 762 1251 825 fe-

158 855 338 951 mineorum
358 870 486 950 existit3
508 871 595 936 inter
619 893 701 955 quos
722 872 818 936 etiam
843 872 1150 956 compluresvocos
1171 890 1253 954 geo-

156 978 334 1067 graphicae
354 987 386 1044 et
409 979 546 1063 latinae,
581 1002 663 1066 quae
689 981 730 1044 ob
753 980 891 1044 formam
912 999 1069 1044 versuum
1093 977 1251 1065 composi-

157 1086 236 1152 tioni
260 1087 346 1152 hand
367 1098 475 1175 aptam
499 1088 533 1154 in
557 1088 622 1154 fine
643 1110 757 1153 versus
781 1089 929 1156 collocat-i
951 1099 1037 1172 sunt,
1071 1095 1251 1153 versantur.

605 1333 799 1342 ..W

622 1581 712 1659 Pars
744 1581 789 1660 ΙΙ.

255 1783 361 1869 Nunc,
385 1809 483 1873 quum
507 1810 661 1853 versuum
681 1787 910 1875 proprietates,
932 1810 1015 1872 queo
1031 1789 1154 1876 primae
1167 1791 1249 1875 Mar·

155 1895 233 1960 lovii
255 1895 446 1978 tragoediae
472 1904 752 1962 Tambarlna'ne
773 1905 835 1962 tte
857 1903 970 1964 (treet
993 1897 1114 1980 insunt,
1139 1908 1250 1964 tracta-

155 2005 270 2085 vimus,
294 2005 327 2067 in
351 2003 468 2068 ceteris
491 2004 669 2087 tragoediis
694 2004 1024 2096 quantumalegibus
1046 2027 1145 2090 supra
1166 1997 1251 2072 com-

156 2112 342 2177 memoratis
364 2099 553 2176 discesserit
575 2120 797 2196 quantumque
820 2131 933 2176 versus
951 2112 1055 2195 magis
1079 2114 1250 2198 magisque

153 2219 186 2284 in
216 2221 286 2284 dies
308 2221 473 2306 perpolire
504 2219 655 2285 didicerit
691 2228 798 2306 poeta,
834 2221 1002 2306 explicare
1036 2222 1248 2307 acquiescere

156 2351 336 2415 possumus.

257 2437 325 2502 sed
348 2447 414 2501 tres
437 2446 560 2501 tantum
582 2438 623 2500 de
644 2437 764 2525 fabulis
785 2436 901 2502 ceteris
924 2436 1082 2502 Marlovio
1098 2437 1251 2524 'ascriptis

154 2545 331 2632 praecipue
357 2545 618 2610 consideratione
646 2544 762 2630 dignas
788 2545 901 2609 haberi
925 2565 1023 2630 posse
1044 2546 1251 2633 praemitten-

153 2654 231 2718 dum
254 2664 317 2719 est:
344 2662 419 2720 Tae
440 2662 514 2720 Iera
538 2661 732 2732 ofMalto,
760 2662 1056 2722 TheMasoacre
1077 2663 1249 2732 atParr‘s,

155 2769 408 2828 uerteretur
432 2767 590 2827 Second.
614 2761 706 2842 Quae
730 2761 875 2826 dramata
891 2760 1040 2827 Merlovii
1064 2785 1163 2848 opera
1186 2762 1252 2826 exi·

152 2871 311 2937 stimanda
347 2893 418 2935 esse
449 2892 545 2934 nemo
577 2880 685 2956 negat.
729 2869 851 2936 Contra
886 2871 996 2935 fabula
1031 2854 1252 2935 illustrissima

156 2989 235 3047 The
260 2988 471 3062 Trepidoll
494 2987 666 3061 Histoe-p
699 2987 900 3058 ofDoetor
928 2986 1113 3054 Faustae,
1151 3000 1250 3065 quum

154 3091 236 3154 duae
260 3089 418 3154 editiones
451 3089 536 3153 inter
558 3109 592 3153 se
615 3089 751 3153 multum
781 3088 938 3152 distantes
960 3096 993 3152 et
1015 3088 1055 3153 ab
1078 3087 1150 3152 aliis
1170 3109 1250 3175 poe·

155 3199 195 3264 tis
216 3199 433 3287 interpolatae
450 3198 542 3262 nobis
569 3205 691 3261 tantum
715 3205 875 3283 prostent,
897 3195 993 3262 nobis
1007 3179 1140 3295 minoris
1157 3194 1251 3262 aesti-
1332 3255 1342 3265 .

80 3315 81 3318 ’
152 3309 271 3374 mande
292 3321 324 3372 ot
348 3309 517 3396 tragoedia
540 3307 654 3386 Dedo,
676 3317 806 3391 Queeu
829 3314 873 3384 of
891 3313 1100 3388 Uarthopa
1126 3328 1209 3392 quae
1234 3330 1253 3370 a

152 3416 310 3482 Marlovio
332 3440 397 3482 uua
420 3439 493 3480 oum
516 3415 718 3481 Thomate
743 3413 849 3479 Nash
872 3415 995 3503 scripta
1017 3424 1085 3497 est,
1116 3437 1249 3500 prorsus

150 3524 352 3611 negligenda
374 3536 432 3592 est.
475 3524 606 3590 Etenim
631 3533 787 3609 quantum
812 3533 951 3609 uterque
972 3532 1069 3610 poeta
1091 3523 1131 3588 ad
1154 3544 1248 3607 argu-

152 3641 297 3698 mentum
319 3632 509 3718 tragoediae
531 3625 721 3714 contulerit,
755 3643 788 3696 ot
813 3654 913 3716 quum
937 3631 1121 3696 testimonia
1143 3629 1250 3696 omnia

152 3743 304 3806 deficiant
329 3753 361 3806 et
386 3765 485 3826 quum
507 3741 608 3828 ipsius
630 3741 759 3806 fabulae
780 3742 881 3806 verba
904 3749 937 3803 et
957 3763 1072 3806 versus
1093 3739 1250 3807 iudicium

151 3863 388 3944 nostrumnon
409 3849 572 3932 adiuvent,
596 3849 733 3915 difficile
757 3859 806 3915 est
829 3850 870 3914 ad
893 3848 1148 3917 discernendum
1162 3849 1195 3931 ¹).

159 3981 355 3988 .-..-...-.—--—-

252 4048 280 4112 1)
300 4049 341 4098 Ee
360 4047 467 4115 quidem
480 4049 612 4098 sententia
630 4047 717 4098 editor
729 4046 852 4097 Mariorii
865 4051 913 4106 est,
934 4049 966 4096 of.
983 4048 1034 4096 rol.
1046 4048 1056 4096 l
1070 4063 1098 4112 p.
1109 4038 1254 4112 XXXVIII

159 4144 250 4194 *xla
271 4143 435 4195 Contradlait
455 4136 602 4204 Callian,
622 4143 655 4193 ef.
674 4141 766 4194 Hiat-
784 4144 823 4210 of
845 4138 950 4207 Enpl.
975 4142 1091 4193 Deoua.
1111 4134 1242 4192 Paete-¹
