2752 4546
656 217 717 331 ¹ro

145 413 295 532 gularem
318 449 413 514 illum
440 453 584 518 colorem
613 453 767 536 attribuit,
798 476 990 541 quamquam
1015 456 1049 520 in
1071 457 1243 543 tragoedia

147 557 378 624 Tombwrlaine
394 559 445 624 tle
462 562 565 628 creat
579 583 714 650 perraro
736 561 913 629 adhibitam
935 584 977 629 ex
998 564 1104 630 causis
1119 567 1242 632 anobis

145 690 244 756 supra
267 667 364 736 dictis
394 671 628 759 perspicimus3
661 684 772 738 tamen
799 682 929 761 poetam
950 673 1015 737 iam
1037 682 1105 739 tum
1128 694 1167 737 ea
1187 696 1242 738 va·
1343 679 1345 683 '

143 778 259 846 rietate
281 802 374 845 usum
399 801 471 846 esse
495 800 562 846 non
581 780 771 864 negandum
793 788 852 861 est,
876 778 935 844 ct:

186 887 247 952 Tb.
259 888 340 972 I,88
362 893 435 954 Asad
455 895 580 955 woatdst
599 898 669 955 thou
689 896 762 955 buce
781 912 827 956 mc
849 897 907 970 hup
929 895 979 970 thy
999 894 1124 967 fctbcr's
1145 897 1208 957 teuc
1302 972 1305 977 Ι

192 1004 296 1065 thct
317 1003 427 1063 metra
448 1003 527 1062 bes?
544 1004 595 1062 tell
616 1021 669 1078 me,
693 1004 860 1064 anomate.

186 1101 247 1168 Tb.
267 1102 315 1181 ΙΙ,
340 1101 400 1166 169
423 1109 485 1170 Oce
505 1112 615 1169 minate
636 1110 693 1168 cad
714 1127 769 1168 our
791 1111 873 1184 daps,
896 1113 957 1171 aad
981 1129 1035 1172 cac
1053 1112 1207 1188 opacare

188 1214 314 1279 Ocataiu
335 1235 390 1278 our
412 1220 529 1278 bodies!
546 1220 653 1289 Dectb,
674 1220 739 1294 subp
759 1223 859 1280 com'st
881 1221 949 1280 thou
968 1223 1044 1282 aot?

143 1318 316 1386 Interdum
338 1340 483 1402 caesura,
512 1341 612 1404 quum
635 1320 671 1385 in
703 1321 893 1386 altercando
915 1323 1017 1388 verba
1048 1322 1145 1388 unius
1167 1342 1242 1407 per·

143 1450 243 1495 sonae
275 1427 311 1493 in
349 1409 482 1493 alterius
520 1429 702 1494 orationem
736 1429 822 1494 intra
864 1451 996 1496 versum
1040 1429 1240 1512 incidantur,

145 1536 266 1623 existit,
289 1541 349 1605 εἰς
1142 1602 1148 1613 .

225 1645 286 1712 Tb.
299 1647 327 1730 I,
341 1646 380 1711 73
403 1645 540 1713 daldun.
584 1653 648 1714 But
667 1656 767 1729 spect,
788 1656 868 1716 aaut
885 1672 986 1728 power
1002 1655 1077 1717 lauth
1098 1654 1155 1714 bc?

642 1755 836 1844 Meeeecqer.
879 1765 998 1840 Mtqbty
1021 1765 1097 1836 torel,

229 1863 290 1931 Tb.
302 1864 330 1949 I,
344 1866 383 1931 19
407 1865 575 1952 Ortyqiua
596 1871 699 1932 Soaad
719 1890 761 1947 up
784 1874 830 1932 rte
851 1876 1002 1944 truaupeta
1024 1875 1100 1933 thee.

639 1974 710 2039 All.
747 1979 814 2041 dod
833 1997 902 2039 succ
923 1981 970 2041 tlte
988 1981 1085 2058 ltingt

144 2081 246 2150 Cuius
269 2083 424 2171 exempla
445 2084 480 2148 in
496 2083 667 2169 tragoedia
684 2082 816 2168 quidem
830 2080 1059 2146 Tamburlaa'ac
1074 2080 1125 2144 the
1141 2080 1244 2147 creat

143 2189 239 2254 etiam
272 2178 375 2254 multo
408 2190 523 2275 rariuS,
556 2213 652 2277 quam
672 2188 880 2275 transpositio
904 2189 978 2254 finis
1003 2188 1187 2255 sententiae
1208 2189 1243 2254 in

144 2305 338 2386 aequantem
358 2319 498 2380 versum,
526 2300 568 2364 de
593 2320 656 2385 qua
679 2323 777 2386 supra
800 2298 939 2386 egimus,
961 2299 1183 2382 inveniuntur,
1211 2308 1244 2363 et

141 2407 280 2474 fortasse
309 2408 413 2494 magis
445 2410 542 2492 ultro,
587 2430 682 2494 quam
715 2410 865 2475 consulto
900 2408 1078 2475 Marlovius
1105 2407 1243 2494 scripsit.
1284 2424 1287 2428 ’

71 2554 74 2559 ·
140 2516 259 2602 Neque
281 2525 394 2582 tamen
414 2517 448 2583 in
470 2518 709 2604 posterioribus
727 2516 857 2598 fabulis,
883 2517 1001 2603 quibus
1017 2524 1115 2603 poeta
1129 2522 1242 2579 noster

142 2623 310 2711 dialogum
338 2626 521 2691 accuratius
553 2625 704 2713 expolire
728 2625 799 2709 scit,
833 2647 888 2691 eas
911 2623 1060 2691 licentias
1083 2621 1243 2707 neglexit.

240 2733 285 2800 II.
308 2734 477 2820 Deinceps
492 2743 528 2799 ut
544 2743 614 2798 erat
631 2731 837 2821 propositum
854 2732 896 2798 ad
912 2733 1049 2798 alteram
1066 2729 1243 2812 licentiam,

144 2862 242 2926 quam
255 2842 492 2908 Mommsenius
514 2840 715 2928 Shahsperio
737 2841 773 2905 in
792 2840 949 2907 faciendis
971 2839 1119 2905 versibus
1141 2837 1243 2901 licere
1321 2856 1327 2865 ‘

142 2950 418 3035 commemoravit,
443 2949 671 3016 illustrandam
685 2960 902 3015 transeamus:
923 2947 975 3012 ad
997 2943 1242 3011 nonnullas

141 3057 408 3145 syllabarum
435 3059 775 3125 coniunctiones
809 3056 1004 3121 etverba
1033 3062 1073 3118 et
1095 3055 1241 3119 verbo·

140 3189 226 3232 rum
247 3166 576 3233 coniunctiones
601 3163 849 3253 dupliciter
870 3156 1133 3240 metiendas3
1157 3177 1240 3242 quae

139 3293 193 3338 res
215 3273 354 3361 perinde
383 3297 421 3340 ac
450 3271 652 3360 Sbaksperio
682 3292 797 3336 versus
825 3268 960 3334 facienti
981 3266 1144 3334 Marlovio
1167 3288 1242 3353 pro·

140 3379 213 3468 pria
236 3382 307 3447 fuit.

240 3486 294 3552 Ac
323 3486 373 3574 pri
382 3508 470 3551 mum
501 3486 633 3572 quidem
660 3486 791 3552 vocales
825 3485 1059 3552 nonnullarum
1091 3484 1243 3552 flexionis

139 3593 408 3660 terminationum
437 3604 493 3659 aut
516 3614 665 3681 syncope
691 3595 825 3660 affectas
858 3604 914 3659 aut
937 3596 1052 3681 plenas
1074 3613 1202 3658 mensas
1224 3614 1243 3655 a

139 3703 234 3768 nobis
257 3702 424 3768 observari
447 3723 584 3769 necesse
607 3712 666 3768 est.
712 3701 870 3768 Ceterum
893 3703 1053 3768 rationem
1076 3700 1246 3784 orthogra-

139 3810 272 3897 phicam
286 3831 453 3898 syncopae
475 3811 676 3896 syllabarum
695 3811 730 3875 in
744 3818 781 3877 ed
796 3810 1042 3876 terminantium
1065 3817 1122 3872 aut
1145 3807 1244 3895 plene

139 3918 308 4003 metiendi,
330 3918 418 4004 quod
438 3919 473 3985 in
495 3919 639 3984 editione
661 3941 798 4007 operum
810 3916 961 3985 Marlovii
989 3942 1008 3981 a
1031 3916 1140 4000 Dycio
1163 3938 1243 3985 con·

137 4026 225 4096 fecta
245 4027 480 4115 orthographia
502 4045 615 4090 recens
637 4025 783 4091 adhibita
804 4033 864 4109 est,
886 4024 948 4088 hoc
970 4024 1046 4088 loco
1068 4025 1244 4110 negligen-

140 4132 217 4204 dam
239 4156 310 4202 csse
327 4134 587 4223 praemittamus.
607 4133 726 4219 Neque
747 4131 835 4198 enim
850 4153 1032 4217 quaequam
1053 4132 1096 4199 de
1112 4133 1243 4219 legibus
