2752 4546
144 517 147 523 ,
201 476 204 481 ’
238 469 364 551 Atque-¹
378 485 451 530 eam
474 458 676 547 tragoediam
698 469 772 546 post
793 458 948 526 Faustum
971 464 1125 552 scriptam
1156 485 1228 531 esse

140 579 309 664 ratioque
356 594 554 640 eversuum
585 570 797 656 comprobare
819 570 958 639 videtur.
1002 572 1119 660 Neque
1140 575 1227 641 enim

140 598 378 755 eochaaerdd‘
395 644 614 748 adhibitoruni
621 638 874 764 'iiiiii-imque
897 681 1073 767 dupliciter
1082 650 1279 748 effipffltm

139 815 212 864 rum
238 798 326 862 inter
345 804 515 877 utromque
538 788 742 875 tragoediam
770 789 946 857 discrimen
968 791 1134 876 singulare
1154 814 1227 879 per·

139 909 303 995 spicimus,
336 901 395 967 sed
427 871 592 967 con‘sffi‘it
607 869 722 965 offi‘
735 899 910 965 verborum
943 909 976 964 et
1012 900 1178 987 dialogum
1210 924 1229 964 e
1293 882 1360 1010 ,γ’

139 1025 236 1106 poeta
257 1011 421 1100 perfectos
443 1030 515 1076 esse
536 1009 633 1073 facile
655 1008 879 1092 intelligimus.
901 1006 1050 1093 Namque
1072 1019 1106 1074 et
1127 1020 1228 1075 trans
1242 1002 1322 1077 tt&

139 1122 257 1210 positio
279 1121 351 1188 finis
371 1142 485 1185 versus
507 1119 543 1183 in
565 1126 756 1202 sequentem
779 1138 920 1202 versum,
945 1140 1027 1204 quee
1047 1118 1082 1183 in
1103 1129 1230 1203 tragoe-
1257 1120 1358 1190 „effi”

140 1231 202 1298 diis
236 1228 467 1296 Tamburiuiae
497 1227 547 1292 the
578 1227 680 1294 ureae
710 1235 744 1290 et
767 1224 893 1291 Ductor
926 1226 1065 1292 Faustus
1096 1248 1230 1312 perraro
1267 1236 1286 1281 J*

139 1349 257 1431 crustat,
287 1339 322 1404 in
346 1339 408 1403 hae
437 1337 607 1422 tragoedia
638 1356 796 1423 persaepe
825 1336 917 1401 velut
947 1335 983 1400 in
998 1337 1133 1424 'pagina
1164 1359 1230 1403 una
1287 1319 1332 1393 '‘f''

140 1446 338 1536 compluries
369 1444 542 1533 reperitur,
571 1444 613 1510 cf.
633 1445 821 1532 prologum,
842 1444 888 1508 ita
908 1453 945 1509 ut
966 1466 1081 1510 versus
1108 1443 1230 1510 maiore

139 1556 298 1622 varietate
317 1564 349 1620 et
369 1554 532 1619 alacritate
556 1555 663 1617 ornati
681 1552 863 1636 videantur,
883 1563 917 1618 et
939 1553 1136 1618 constructio
1158 1574 1230 1617 rer-

141 1665 256 1731 borum
277 1663 472 1750 praesertim
493 1661 680 1746 longiorum
701 1662 884 1726 orationum
906 1683 972 1726 non
993 1662 1056 1728 iam
1078 1661 1231 1749 simplici·
1317 1700 1340 1727 o

139 1781 207 1838 tate
218 1772 300 1837 dura
322 1770 439 1858 prioris
461 1770 626 1856 temporis,
650 1769 710 1835 sed
733 1770 903 1836 sententiis
921 1770 1103 1837 interiectis
1125 1770 1228 1854 longi·
1307 1825 1309 1833 ,

67 1957 75 1973 .
140 1882 249 1948 oribus
268 1879 386 1946 additis
410 1882 515 1945 forma
537 1879 749 1965 perpolitiore
772 1880 823 1945 sit.
860 1868 971 1965 Atque
994 1880 1228 1967 cogitationum

141 2001 174 2057 et
196 2012 351 2056 versuum
368 1991 460 2056 'bene
488 1999 753 2055 constructorum
776 1990 964 2076 exemplum
992 2011 1091 2074 quum
1120 2009 1229 2054 mono-

140 2100 236 2185 logus
256 2098 366 2169 brevis
390 2121 409 2162 a
431 2121 496 2186 quo
518 2097 661 2164 Barabae
692 2107 800 2164 actum
824 2098 1004 2165 seeundum
1024 2098 1140 2187 incipit
1159 2108 1227 2163 tum

139 2208 334 2292 monologus
355 2206 469 2271 Iudaei
484 2207 563 2271 ·vol.'
585 2207 614 2290 Ι,
643 2228 675 2293 p.
698 2206 760 2272 268
782 2216 843 2273 ete.
875 2208 1059 2275 ostendunt.
1111 2207 1226 2292 Neque

139 2316 266 2383 minore
287 2324 358 2382 orte
377 2315 527 2415 dialogus
544 2315 689 2402 scriptus
705 2324 764 2380 est
786 2315 918 2382 Etenim
934 2314 1022 2400 quod
1043 2313 1229 2381 vicissitudo
1253 2404 1263 2415 ,-

140 2423 294 2493 cretionis
315 2424 402 2490 intra
424 2446 566 2506 versum,
585 2424 621 2489 id
645 2423 732 2512 quod
756 2425 790 2489 in
810 2424 936 2491 duobus
957 2423 1228 2512 praecedentibus

139 2535 258 2602 fabulis
278 2533 365 2600 haud
387 2536 578 2622 frequenter
600 2534 722 2618 existit,
753 2535 835 2602 loeis
855 2534 940 2623 aptis
965 2555 1064 2623 saepe
1085 2535 1229 2600 adhibita

139 2651 201 2727 est,
228 2645 312 2709 aetio
332 2651 365 2707 et
390 2642 568 2708 verborum
589 2640 732 2708 suavitas
754 2653 786 2708 et
813 2645 990 2710 amoenitas
1009 2645 1109 2729 longe
1131 2642 1228 2708 adau-

139 2748 271 2837 gentum
301 2751 387 2817 sieut
411 2751 446 2816 in
473 2752 564 2818 brevi
594 2750 733 2836 dialogo·
754 2751 842 2818 inter
864 2751 1069 2818 Ludovioum
1094 2761 1127 2818 et
1149 2751 1230 2818 Met

140 2859 240 2925 thium
261 2860 372 2927 habito
394 2882 425 2926 r.
446 2860 475 2942 Ι,
498 2860 556 2925 261
578 2881 694 2925 versus
718 2882 950 2948 nonnunquam
974 2882 1013 2926 eo
1037 2860 1133 2927 modo
1155 2868 1231 2926 sunt

138 2969 325 3057 interrupti,
337 2969 508 3034 manifesto
524 2967 564 3034 sd
581 2972 735 3054 magnum
754 2967 908 3051 studium,
922 2970 1009 3057 quod
1021 2970 1056 3034 hi
1070 2977 1231 3035 amatores

138 3079 173 3143 in
194 3098 367 3165 personam
389 3077 541 3142 dilectem
562 3076 693 3160 hebent,
715 3077 975 3144 describendum.
1009 3079 1082 3161 Qua
1102 3100 1140 3144 re
1160 3078 1231 3144 fere

140 3183 255 3251 versus
283 3187 318 3252 in
346 3184 435 3252 duae·
450 3184 599 3252 dimidies
628 3196 740 3274 partes
765 3190 865 3273 pares
893 3186 1016 3252 divisus
1039 3196 1098 3262 est,
1128 3187 1174 3252 ita
1195 3196 1232 3252 ut

139 3314 241 3380 pause
270 3303 326 3359 aut
348 3303 421 3382 post
450 3294 627 3359 secundum
657 3294 777 3381 pedem
807 3302 862 3360 aut
887 3304 962 3382 post
989 3295 1124 3361 tertium
1153 3294 1231 3359 inei·

139 3399 236 3465 datius
249 3401 298 3467 ef.
321 3401 386 3466 vol.
408 3403 437 3485 I,
1125 3444 1129 3451 ·

180 3531 213 3598 p.
223 3509 283 3575 261
306 3517 451 3577 Lcdtla
469 3518 657 3589 stemfair?
676 3517 889 3578 Mattt‘And
900 3517 1052 3580 matciolees
1065 3489 1123 3580 teo
1157 3520 1229 3590 ‘ult

179 3640 212 3708 p.
224 3619 288 3687 255
310 3618 359 3684 B:
385 3628 426 3686 To
445 3644 482 3702 po
503 3628 565 3686 isto
588 3626 752 3703 mp'kooee.
774 3620 820 3684 A:
845 3627 922 3686 I'tsut
939 3645 1008 3703 my
1030 3629 1096 3704 they
1113 3633 1179 3701 oot;

138 3727 308 3794 Interdum
331 3749 462 3816 quoque
486 3749 600 3793 versus
631 3728 664 3793 in
688 3728 940 3813 quaternarium
954 3739 987 3794 et
1015 3730 1049 3795 in'
1077 3737 1231 3821 monopo-

140 3835 230 3904 di'em'
248 3825 413 3919 dividitur,
437 3839 489 3903 ef.¹
599 3878 601 3883 ·
814 3844 817 3849 ’
1176 3845 1178 3849 ’

181 3967 216 4032 p.-
236 3947 297 4013 256
322 3949 371 4012 A.-
400 3954 494 4016 Wuat
510 3953 573 4015 wid
591 3959 642 4016 aot
662 3952 784 4030 Abiyoid
804 3954 947 4030 otterapt?
972 3946 1018 4012 B:
1046 3956 1126 4032 Why
1145 3973 1186 4027 oo,

119 4043 122 4048 ’
183 4081 184 4085 ’
222 4054 300 4120 ibid.
318 4057 369 4121 A:
391 4064 493 4124 Idid.
518 4055 549 4120 Β
556 4079 566 4119 .·
591 4063 679 4134 mm,
703 4061 834 4139 Abipatl,
857 4047 937 4123 there
958 4067 1034 4123 must
1055 4082 1103 4140 nm
1122 4067 1192 4140 pist

139 4162 219 4251 quia
240 4162 336 4227 stiam
354 4163 472 4252 ptos
492 4164 745 4233 biseubieetum
767 4167 924 4233 orationis
946 4176 1106 4235 mutaturt

1022 4290 1040 4342 8
