2752 4546
696 272 719 338 6

154 466 231 528 Aaa‘a
243 470 317 544 ete„
340 482 404 546 quo
418 462 491 526 loeo
503 480 563 549 per
576 461 767 525 trochaeum
778 458 982 546 parenthesis
996 458 1172 546 insequens
1185 478 1250 522 ma-

154 569 206 656 gis
229 571 326 635 etiam
347 570 567 656 significatur3
583 592 682 656 porro
695 569 738 635 of.
764 577 965 651 Thtrettay
984 577 1054 636 totth
1069 577 1254 652 eooereipaty
1322 562 1325 569 ’

155 679 216 746 Tb.
236 682 265 764 Ι,
294 681 355 764 32;
388 688 553 764 Sboktay
580 688 787 746 thetreaoords
816 675 874 745 Tb.
895 681 924 762 Ι,
947 679 1005 762 733
1040 684 1186 760 La'fttaq
1206 684 1253 748 bie

155 814 281 872 propere
304 789 456 871 Tb.1,59
469 798 547 872 etc.;
571 788 688 873 quibus
712 786 793 853 locis
819 789 922 853 oratio
945 795 1108 853 commota
1128 785 1251 874 optime

156 921 230 963 oum
256 907 394 965 accentu
418 898 584 963 trochaico
606 896 792 962 concordat.
830 895 1069 981 Nonnusquam
1091 894 1251 961 infinitivo

156 1028 285 1093 quoque
307 1007 486 1073 Marloviue
505 1004 551 1069 ita
572 1003 686 1085 utitur,
710 1002 752 1070 ef.
777 1004 838 1070 Tb.
855 1004 884 1088 Ι,
904 1005 963 1070 55:

307 1136 1030 1208 lbeoshollourscotmeo..........

255 1263 396 1323 Batter
418 1263 464 1322 the
479 1261 570 1331 walle,
594 1263 655 1321 aad
675 1245 941 1337 wcwtlla'aterta3
964 1254 1025 1321 Tb·
1043 1253 1072 1337 Ι,
1088 1253 1254 1337 91,οῂ“εν

156 1391 211 1434 oar
230 1372 348 1444 eoseta‘es
370 1373 430 1429 ete.
453 1363 512 1429 Tb.
537 1363 582 1446 II,
607 1362 668 1428 162
688 1351 726 1429 M
731 1369 855 1430 ordor
876 1370 923 1430 the
941 1370 989 1442 soe
1012 1370 1074 1427 eto.
1096 1369 1128 1428 et
1151 1362 1251 1455 parti·

135 1475 249 1563 foipiis
271 1472 410 1563 perfecti
434 1480 466 1536 et
486 1471 690 1559 im'perativo,
715 1472 758 1535 ef.
780 1471 841 1537 Tb.
864 1471 890 1535 Ι.
913 1471 954 1535 36
976 1478 1139 1556 sprota,
1156 1477 1192 1550 of
1207 1478 1255 1538 the

156 1592 233 1652 teotb
255 1590 290 1663 of
307 1589 507 1666 droyoacete.
520 1581 581 1647 Tb.
595 1580 623 1664 I,
637 1580 678 1644 92
707 1588 856 1648 Utter'ol
876 1588 946 1647 with
966 1591 1044 1648 teore
1056 1588 1129 1663 ete,
1149 1572 1210 1646 Tb.
1225 1578 1254 1661 I,

157 1694 199 1759 94
220 1701 315 1775 Pity
336 1717 391 1759 eor
409 1691 522 1774 pltpbte
542 1699 601 1756 eto.
625 1688 685 1755 Tb.
707 1691 753 1773 ΙΙ,
776 1691 837 1757 160
857 1697 1016 1759 Sorroao
1037 1715 1074 1757 ao
1096 1713 1176 1756 more
1193 1698 1254 1754 etc.

255 1802 391 1867 Praeter
405 1799 463 1863 illa
483 1807 514 1863 et
535 1798 695 1864 nonnulla
711 1798 775 1863 alia
786 1799 879 1864 verbi
897 1809 1046 1886 tempora
1060 1796 1256 1886 praesertim

158 1911 192 1975 in
209 1906 512 1997 compellationibus
533 1906 689 1990 gravibus
702 1907 893 1971 trochaeum
915 1905 1021 1993 primo
1037 1906 1110 1969 loeo
1132 1928 1254 1992 magno

159 2039 312 2082 successu
334 2013 516 2080 adhibitum
539 2013 734 2097 interimus,
757 2012 800 2078 cf.
821 2009 883 2079 Tb.
906 2013 935 2095 Ι,
959 2014 999 2078 15
1021 2020 1206 2081 Mooeter
1226 2020 1262 2095 of

157 2132 353 2204 cataracta,
376 2122 437 2189 Tb.
460 2126 488 2208 Ι,
512 2124 550 2188 73
580 2131 744 2205 Vallata,
766 2128 790 2188 I
809 2129 859 2188 tell
883 2129 945 2189 tbee
968 2130 1027 2187 ete.
1051 2120 1169 2206 Tull,
1196 2122 1256 2188 167

159 2241 357 2307 Brothers
378 2241 413 2313 os
428 2240 496 2316 help
514 2241 664 2300 Mobomet
686 2242 747 2297 ete.

258 2344 343 2409 Prae
375 2363 491 2426 magno
526 2342 763 2426 trochaeorum,
801 2341 856 2429 qui
887 2341 993 2431 primo
1031 2332 1148 2408 uersus
1182 2340 1256 2404 loeo

159 2451 258 2540 positi
280 2459 355 2515 sunt
376 2472 514 2515 numero
537 2450 696 2539 perpauci
717 2450 814 2515 tertio
839 2460 870 2514 et
900 2458 1014 2535 quarto
1035 2448 1109 2514 loco
1132 2449 1257 2514 inveni-

159 2568 270 2643 untur,
301 2558 359 2626 sed
383 2559 452 2624 fere
478 2580 608 2645 semper
630 2580 756 2622 summo
779 2580 944 2640 successu,
976 2558 1022 2623 ita
1046 2563 1082 2623 ut
1104 2579 1170 2623 vox
1191 2555 1257 2622 tro·

160 2669 298 2733 chaeum
318 2669 464 2732 formans
487 2667 608 2732 maiore
630 2666 661 2729 vi
685 2665 850 2732 efferatur.
893 2666 991 2750 Quod
1014 2667 1102 2732 elare
1125 2665 1256 2731 demon-

161 2784 242 2840 strat
262 2797 377 2840 versus
403 2776 464 2841 Tb.
488 2775 514 2860 Ι,
537 2776 593 2841 60:

357 2904 430 2966 Aeol
447 2908 517 2967 aattb
538 2907 594 2965 this
615 2906 680 2965 etob
701 2906 876 2966 elomber
897 2906 1056 2982 emmelim

162 3049 226 3113 quo
249 3027 321 3090 loco
335 3026 507 3091 trochaeus
524 3034 599 3111 pest
612 3025 746 3110 longam
759 3046 914 3090 versuum
929 3024 1121 3090 usitatorum
1135 3023 1256 3090 seriem

160 3144 290 3222 praeter
312 3133 501 3220 opiniopem
523 3134 620 3198 tertio
650 3135 723 3199 loeo
757 3132 920 3199 adhibitus
943 3134 1045 3198 verba
1065 3133 1258 3219 spectaculo
1342 3166 1350 3173 ·

20 3271 24 3288 ,
64 3230 322 3329 ³'''''''a'dacripta
345 3226 452 3326 {bloba
471 3242 607 3320 la'raealtl
643 3242 828 3330 explicabat
851 3251 883 3306 et
905 3249 995 3306 aeter
1019 3241 1166 3327 Agydae
1189 3265 1259 3307 ma-

82 3362 87 3379 '
161 3374 263 3437 gnum
299 3351 450 3416 effectum
488 3349 626 3436 adeptus
662 3359 721 3429 est,
767 3348 794 3413 si
811 3370 896 3425 eam
925 3371 1040 3415 vocem
1072 3349 1260 3415 exclamans

160 3459 262 3524 ictum
283 3459 433 3523 faciebat.
456 3457 574 3542 Neque
595 3458 660 3523 alio
680 3466 730 3522 est
753 3458 875 3523 effectu
896 3457 1070 3524 trochaeus
1089 3457 1128 3524 T.
1150 3459 1179 3541 Ι,
1200 3459 1258 3522 34;

259 3590 282 3650 I
301 3590 428 3649 thiotolt
449 3589 561 3648 would:
581 3590 672 3649 well
694 3591 790 3664 theo,
813 3591 851 3666 by
871 3589 1009 3653 Heooeae
1028 3592 1052 3650 I
1068 3606 1184 3658 eweor.,·

161 3708 217 3772 ubi
233 3710 332 3791 verba
351 3729 465 3794 pressa
485 3714 550 3774 eccll
569 3716 637 3774 tbea
655 3706 697 3772 ad
716 3707 844 3792 grande
866 3708 902 3773 id
928 3712 1149 3790 eyfleaaaml
1164 3727 1259 3771 eweor

162 3823 311 3904 spectant
334 3825 366 3880 et
388 3815 448 3881 Tb.
470 3815 516 3897 ΙΙ,
537 3814 616 3880 213:

330 3936 389 4013 Ab,
409 3938 519 3998 'sacred
537 3938 695 4011 Mobomet,
719 3940 808 4000 thou
831 3941 918 3999 etat
938 3939 1004 3998 boet
1024 3953 1092 3997 ecca

330 4046 509 4105 Militares
528 4044 564 4116 of
584 4045 681 4105 Turbo
701 4047 839 4119 portat
862 4047 899 4122 by
920 4041 1135 4118 Tomburlaiae,

162 4147 220 4211 ubi
241 4146 275 4210 hi
301 4147 445 4212 trochaei
466 4155 518 4210 ter
538 4144 677 4211 adhibiti
700 4146 880 4212 orationem
904 4147 1081 4212 excitatam
1093 4147 1256 4236 Oallapini
