2752 4546
665 273 687 340 ὅ

128 480 182 523 eas
204 458 383 538 facultates,
416 467 571 543 quantum
604 457 834 524 Marloviua
858 458 892 525 in
914 477 1068 523 versuum
1091 477 1222 545 compo·

125 567 243 634 sitione
267 568 498 651 observaverit,
523 588 690 654 exponere
712 567 804 630 nobis
829 567 1033 653 propositum
1056 575 1115 630 cst.

226 678 294 743 Iam
316 677 459 764 primum
472 677 623 744 Marlovii
646 699 727 765 opus
743 678 974 745 l'omburlaine
997 679 1050 742 tte
1063 676 1168 741 Great
1193 685 1225 741 et

126 795 337 873 utramque
354 787 515 875 quidem
533 796 698 874 partem
720 811 797 852 una
811 786 1115 853 animadvertamus.
1128 785 1226 851 Nam-

126 917 190 981 que
211 919 310 982 quum
323 905 451 984 partem
475 897 610 963 alteram
627 896 817 982 tragoediae
841 895 929 981 qnod
950 896 1066 960 attinet
1080 895 1121 960 ad
1147 897 1226 960 ecti-

127 1025 224 1068 oncm
244 1014 277 1070 et
294 1004 541 1092 dispositionem
560 1007 690 1072 fabulae
712 1007 857 1095 priorem
879 1026 1021 1092 pergere
1034 1015 1130 1089 atque
1143 1004 1225 1070 adeo

43 1182 52 1195 Ι
124 1122 277 1201 repetere
290 1112 496 1178 manifestum
512 1123 569 1188 est,
586 1124 656 1178 tum
667 1135 797 1200 quoque
812 1113 989 1179 dictionem
1003 1133 1225 1199 versuumque

126 1221 395 1310 compositionem
424 1222 594 1306 utriusque
616 1223 717 1310 partis
747 1223 835 1287 inter
856 1243 892 1288 se
918 1221 1050 1287 differre
1071 1221 1130 1285 vix
1151 1241 1224 1307 per-

126 1329 284 1419 spexeris,
304 1330 349 1395 ita
369 1339 405 1395 ut
429 1331 462 1396 id
477 1354 558 1420 opus
580 1332 650 1397 iure
667 1353 769 1397 unam
790 1340 822 1394 et
845 1347 996 1416 magnam
1018 1329 1226 1415 tragoediam

126 1438 239 1504 decem
262 1445 352 1503 actus
376 1439 597 1506 continentem
613 1449 755 1506 statuere
772 1440 941 1528 possimus.
968 1438 1070 1506 Cuius
1095 1438 1227 1503 fabulae

126 1548 168 1613 de
190 1548 315 1616 actione
345 1547 432 1634 quod
456 1547 632 1613 dicendum
662 1557 800 1612 estnon
828 1566 949 1630 magna
973 1545 1130 1610 varietate
1155 1566 1226 1609 eam

126 1656 291 1723 delectare
313 1655 402 1720 idem
427 1656 468 1720 de
491 1656 641 1721 versibus
667 1654 889 1736 iudicandum,
908 1653 1104 1739 plerumque
1128 1673 1227 1738 quum

125 1785 251 1848 versus,
274 1787 354 1851 quos
378 1765 522 1853 primum
544 1765 598 1828 hic
621 1762 769 1829 adhibuit
791 1760 980 1844 llarlcvius,
1013 1759 1127 1846 quinos
1146 1758 1227 1824 iam·

126 1869 186 1935 bes
206 1891 271 1934 uno
296 1878 409 1934 tencre
432 1879 669 1955 consequentes
696 1869 894 1939 contineant.
943 1871 1068 1936 Paucas
1098 1877 1225 1932 tantum

127 1978 360 2068 exceptionum
373 2000 455 2065 quae
477 1979 697 2067 posteriorum
719 2000 832 2043 versus
849 2000 986 2065 operum
1011 1986 1044 2041 et
1065 1974 1225 2063 imprimis

10 2160 23 2177 .
125 2106 241 2150 versus
264 2087 448 2151 fabularum
470 2084 661 2173 Shahspcrii
683 2083 841 2149 varietate
863 2087 953 2149 suavi
978 2093 1106 2168 ornant,
1128 2083 1163 2148 in
1186 2104 1224 2147 eo

125 2191 230 2280 primo
256 2192 402 2258 dramate
428 2193 622 2279 reperimus.
768 2202 786 2232 “

225 2301 252 2365 I.
297 2298 496 2387 Saepissime
538 2299 636 2365 etiam
676 2300 935 2365 trochaeum
966 2322 1045 2387 pro
1079 2301 1227 2367 iambo

126 2408 292 2493 scriptum,
326 2407 503 2496 praecipue
537 2408 644 2496 primo
679 2408 752 2473 loco
785 2409 887 2473 multe
922 2407 1027 2473 rarius
1059 2409 1156 2472 tertio
1194 2419 1227 2474 et

127 2523 242 2601 quarto
265 2513 457 2597 invenimus,
490 2539 598 2602 neque
630 2516 736 2581 minus
765 2517 944 2581 verborum
975 2517 1223 2583 coniunctiones

128 2631 160 2686 et
180 2622 281 2686 verba
303 2631 336 2686 et
365 2622 568 2706 syllabarum
592 2623 839 2687 coniunctiones
863 2622 1022 2708 quasdam
1043 2602 1129 2688 nunc
1153 2643 1224 2686 mo-

127 2729 317 2815 nosyllabas
331 2752 418 2793 nunc
437 2729 616 2815 bisyllabas
640 2730 707 2814 legi
724 2752 821 2818 posse
835 2730 995 2796 videmus.
1018 2731 1226 2816 Quamquam

128 2859 167 2903 eo
189 2836 287 2903 modo
310 2837 453 2903 varietas
481 2838 568 2902 haud
593 2862 692 2926 parva
712 2839 936 2927 progignitur,
972 2849 1081 2904 tamen
1104 2860 1227 2928 perpo-

127 2943 196 3043 litio
220 2968 332 3010 versus
354 2968 421 3011 non
444 2968 576 3035 semper
598 2947 757 3028 redditur,
793 2971 892 3033 quum
913 2947 1079 3013 interdum
1102 2945 1225 3011 diacre·
1327 3027 1334 3037 .

32 3070 35 3075 '
128 3054 256 3142 pontiae
288 3055 364 3118 satis
393 3054 523 3140 ineptae
552 3056 704 3121 careant
752 3055 846 3123 Sicut
867 3078 1095 3143 nonnusquam
1117 3056 1224 3143 primo

20 3154 28 3163 ’
126 3162 200 3228 loco
214 3161 359 3227 trochaei
373 3162 571 3229 adhibentur
593 3174 665 3251 part
668 3163 765 3250 icipia
781 3174 934 3251 praesent
936 3163 973 3246 is,
997 3184 1080 3249 quae
1094 3163 1224 3251 saepius

127 3270 223 3336 nimis
242 3280 487 3357 premuntur,c
470 3271 512 3337 c.f

169 3379 229 3446 Tb.
243 3380 271 3455 Ι,
284 3380 335 3446 32.
358 3387 404 3448 Oa
419 3388 512 3447 attat
531 3389 577 3448 tte
596 3388 691 3448 brecti
688 3407 698 3446 t
718 3388 754 3460 of
767 3389 876 3480 haceca
892 3331 1050 3462 certator
1049 3403 1065 3446 o
1083 3387 1166 3462 play,

169 3495 379 3572 Mahanpit
399 3497 562 3556 deerat
511 3497 581 3555 with
601 3500 680 3556 wau
680 3515 718 3556 oa
738 3501 841 3571 majest
840 3516 861 3570 y
842 3500 939 3555 mete

126 3636 129 3641 ·
167 3595 227 3662 Tb.
239 3596 327 3680 l,96.
350 3605 415 3663 For
437 3606 516 3664 there
537 3607 591 3664 sits
601 3605 717 3676 Deera
737 3606 816 3664 there
837 3608 890 3664 sits
909 3605 1075 3680 imperdere
1093 3604 1200 3676 Dentis,

135 3760 143 3777 .
167 3712 204 3773 K
208 3716 349 3790 captas
369 3705 417 3772 tas
436 3715 543 3773 circuit
560 3714 597 3787 by
617 3713 663 3771 tte
685 3712 791 3787 eitetw
812 3713 883 3786 adue
905 3756 1066 3772 ......

169 3820 353 3898 Statana
341 3839 374 3881 aa
393 3821 502 3882 stertet
522 3825 592 3880 ont
580 3822 655 3880 their
675 3820 777 3879 armed
798 3836 912 3894 epears

226 3923 427 4010 Plerumque
470 3931 577 3995 tamen
617 3922 739 4008 optime
789 3920 983 3986 sententiam
1027 3920 1223 4003 significant,

134 4031 176 4099 ef.
197 4031 258 4099 Tb.
281 4033 309 4116 Ι,
331 4032 386 4098 1:

135 4196 161 4217 .-
231 4148 266 4208 H
270 4166 286 4209 o
293 4165 385 4222 paup
405 4146 523 4219 (misted
545 4150 582 4222 ty
607 4148 759 4221 (treantina
788 4145 975 4220 proptor-tce)
1020 4145 1062 4203 To
1093 4145 1184 4215 retae
1205 4147 1244 4198 'aa
