2752 4546
666 261 687 326 9
791 262 794 271 .

131 457 237 520 looks!
275 451 328 516 vel
349 450 410 516 Tb.
433 453 461 531 I,
483 451 535 536 97,
569 452 625 517 ubi
650 473 790 539 persona
822 450 927 538 prima
960 451 1089 517 fabulae
1114 450 1225 517 vorbis
1252 450 1260 539 Ι

132 561 344 627 ornatissimis
379 561 438 626 sed
470 560 618 627 versibus
656 561 905 649 simplicissimis
942 559 1226 648 pulchritudinem
1252 546 1259 629 i

128 669 332 736 Zenooratae
352 677 477 734 amatae
500 668 679 756 praedicat,
713 670 890 754 singularis
912 679 963 734 cst
982 693 1078 735 causa
1099 670 1226 759 simpli·

129 778 235 845 citatis
256 779 406 846 Marlovii
431 800 583 845 versuum
614 802 710 868 saepe
740 779 970 867 reprehensae,
1006 799 1089 864 quae
1112 788 1228 867 postea
1270 776 1285 853 ἓ,

129 888 233 974 magis
257 891 431 977 magisque¹
450 891 592 956 evanuit.
634 891 791 955 Attamen
813 890 849 953 in
872 910 1024 953 sermone
1047 887 1227 954 fervidiore

129 997 318 1085 saepissime
335 1020 502 1064 caesuram
531 998 708 1064 adhibitam
725 999 918 1078 invenimus,
943 997 1138 1085 plerumque
1153 1005 1228 1083 post

131 1112 280 1189 quartam
302 1112 359 1167 aut
384 1105 529 1188 quintam
554 1105 727 1188 syllabam,
764 1114 860 1190 prout
890 1127 1024 1171 caesura
1044 1105 1148 1170 virilis
1171 1114 1227 1170 aut

129 1212 250 1281 femina
271 1213 316 1293 lit,
338 1234 418 1297 quas
440 1212 617 1277 Marlovius
643 1233 780 1277 amoene
804 1222 915 1281 mutat.
948 1214 1055 1301 Saepe
1079 1212 1227 1277 trochaei

10 1312 20 1332 ‘
132 1317 225 1382 initio
259 1339 373 1384 versus
408 1318 505 1406 positi
537 1320 708 1404 accedunt,
746 1343 809 1404 quo
845 1322 914 1386 eius
951 1321 1089 1387 facilitas
1130 1320 1229 1387 etiam

129 1425 342 1512 adaugeatur,
362 1429 403 1492 of.
426 1428 526 1494 verba
550 1427 715 1493 Teohellis
738 1429 789 1495 Tb
811 1430 839 1513 I,
863 1430 901 1494 21
913 1455 925 1496 :-

171 1540 216 1602 As
237 1543 371 1618 palacely
394 1539 470 1602 abac
488 1536 493 1622 Ι
511 1545 594 1603 atra
615 1546 680 1620 they
701 1563 787 1604 roasa
808 1546 983 1616 themselves,

172 1649 399 1735 Stactcba'qa
423 1653 498 1711 their
517 1668 610 1724 paam,
630 1649 634 1726 Ι
654 1652 716 1710 aad
739 1653 922 1727 threatcatap
943 1654 1032 1715 aeras
1055 1654 1091 1727 of
1108 1656 1212 1741 bansta,

172 1758 218 1820 So
238 1764 278 1820 a'a
297 1762 344 1820 bis
364 1777 484 1819 armata
503 1755 507 1832 l
528 1760 680 1819 loolacth
704 1760 921 1820 Tarabarlaa'ae.
1030 1740 1033 1746 ¹

171 1869 328 1938 Methialrs,
351 1870 375 1927 I
390 1885 439 1928 sea
456 1864 462 1947 Ι
480 1871 592 1946 lotaqs
613 1871 770 1945 baetica
793 1875 824 1929 at
845 1871 891 1929 bis
911 1869 978 1942 fest,

171 1975 243 2036 Aad
264 1978 299 2037 be
318 1979 387 2037 atta
406 1979 555 2054 frowaa'aa
579 1980 672 2039 brawa
693 1980 754 2038 aad
772 1980 846 2054 (terp
867 1980 947 2039 looks

171 2085 355 2160 Sparata
362 2107 382 2162 a
403 2089 477 2146 their
497 2105 609 2147 aroana
627 2083 632 2162 Ι
649 2088 727 2160 from
750 2089 794 2161 off
811 2089 885 2147 their
911 2089 1029 2162 captiae
1049 2088 1160 2159 laada,

130 2184 248 2271 Neque
271 2186 375 2251 minus
398 2210 471 2252 raro
497 2190 648 2274 exempla
671 2211 753 2273 quae
778 2191 950 2254 trochaeos
972 2197 1005 2253 et
1023 2189 1129 2277 primo
1152 2189 1226 2254 loco

131 2302 164 2359 et
192 2302 268 2380 post
296 2316 463 2359 caesuram
486 2295 613 2360 virilem
637 2297 735 2361 tertio
757 2298 830 2362 loco
857 2297 980 2384 positos
1002 2295 1229 2362 demonstrant

129 2400 164 2466 in
185 2402 333 2467 oratione
354 2402 532 2468 fervidiore
556 2404 776 2490 reperiuntur,
800 2405 858 2470 ot:

172 2510 232 2576 Tb.
255 2511 281 2595 I,
300 2511 341 2576 23
363 2519 546 2577 Moaatccl
567 2535 605 2577 oa
626 2519 721 2578 stactis
739 2512 745 2598 Ι
762 2520 924 2592 swifter
946 2520 1016 2578 thara
1037 2515 1189 2592 Peccata,-

174 2617 234 2682 Tb.
247 2615 287 2699 lI,
301 2618 360 2681 135
372 2624 569 2700 Bastardly
594 2625 662 2699 boa,
683 2617 852 2703 lapsana
870 2626 970 2698 from
998 2644 1075 2687 some
1099 2627 1231 2687 cataras

1100 2735 1190 2806 lolam·

44 2868 51 2878 -
131 2829 201 2896 Sed
224 2830 312 2917 quod
335 2833 479 2898 trochaei
501 2843 615 2920 quarto
642 2835 714 2900 loco
739 2836 839 2913 multo
869 2834 986 2915 rarius,
1015 2834 1229 2922 quam‘tertio

133 2951 311 3025 ponuntur,
344 2963 478 3007 caesura
501 2964 629 3029 quoque
653 2954 727 3030 post
750 2944 909 3028 syllabam
933 2953 1060 3010 sextam
1083 2942 1136 3008 vel
1158 2965 1229 3030 scp-

133 3047 243 3113 timam
266 3049 378 3128 rarius,
412 3071 508 3135 quam
534 3061 608 3138 post
640 3063 787 3139 quartam
810 3053 863 3116 vel
889 3053 1033 3137 quintam
1058 3050 1229 3133 inciditur3

132 3153 172 3218 ad
195 3155 283 3240 quod
304 3157 476 3222 trochacus
500 3181 597 3245 saepe
621 3161 712 3224 initio
739 3181 854 3225 versus
878 3159 1016 3235 accedit,
1032 3160 1097 3225 ·cf.:

174 3263 235 3330 Tb.
247 3263 274 3346 I,
285 3265 327 3331 95
348 3271 413 3331 Pit
420 3292 441 3347 y
463 3274 508 3333 tha
527 3277 676 3349 marriaae
698 3275 760 3345 bed,
781 3272 786 3348 Ι
804 3277 898 3335 altera
919 3291 1007 3349 marty
1028 3292 1047 3333 a
1069 3273 1136 3332 iord
1158 3276 1210 3331 eto.

174 3369 234 3434 Tb.
246 3371 272 3453 I,
287 3372 328 3436 90
357 3381 452 3440 Watt
469 3383 565 3453 said,
590 3383 803 3442 Theridamas:
821 3376 825 3457 Ι
844 3384 926 3442 abac
945 3383 1013 3458 hala
1034 3383 1127 3441 Fales
1145 3385 1197 3442 eto.

174 3479 235 3546 Tb.
247 3478 276 3563 I,
288 3479 329 3543 34
356 3489 421 3547 Tell
439 3507 508 3564 you·
519 3491 566 3549 ihc
585 3495 654 3560 rest,
671 3490 836 3549 Masada:
855 3484 860 3567 Ι
878 3492 901 3549 Ι
920 3492 992 3549 hace
1009 3490 1084 3550 said.

175 3588 234 3654 Tb.
247 3585 291 3671 Il,
301 3585 363 3651 212
374 3595 534 3656 Maroae
544 3598 580 3670 th
590 3599 623 3656 ia
633 3595 709 3656 Asia
720 3598 831 3666 Maior,
851 3590 857 3674 Ι
874 3599 969 3657 abere
983 3599 1030 3658 the
1041 3601 1164 3658 strumas
1174 3601 1227 3657 etc.

131 3695 308 3763 Praeterea
322 3718 457 3763 caesura
472 3720 699 3783 nonnusquam
715 3723 814 3787 quum
829 3720 889 3786 por
906 3700 1082 3767 sententias
1097 3700 1227 3782 breves,

132 3805 327 3892 plerumque
351 3805 606 3873 exclamationes
630 3815 685 3871 aut
705 3806 974 3893 compellationes
997 3809 1054 3889 (cf.
1075 3800 1228 3894 exempla

133 3915 350 3999 supraallata)
375 3915 484 3979 medio
508 3914 543 3978 in
558 3936 653 3979 versu
678 3914 866 3981 desinentes
889 3925 959 3980 tum
975 3916 1228 4003 transpositione

132 4021 205 4085 finis
227 4023 407 4088 sententiae
431 4023 466 4086 in
488 4031 681 4108 sequentem
702 4043 832 4087 versum
856 4026 940 4088 facta
963 4024 1114 4089 officitur.
1144 4022 1226 4088 Eam

133 4129 294 4214 poeticam
316 4114 490 4214 licentiam,
525 4152 607 4216 quac
631 4140 744 4218 postea
768 4130 915 4197 versibus
937 4131 1138 4198 Miltonia
1163 4130 1228 4191 sio-
