<?xml version="1.0" encoding="UTF-8"?>
<!DOCTYPE html PUBLIC "-//W3C//DTD XHTML 1.0 Transitional//EN"
    "http://www.w3.org/TR/xhtml1/DTD/xhtml1-transitional.dtd">
<html xmlns="http://www.w3.org/1999/xhtml" xml:lang="en" lang="en">
 <head>
  <title>
</title>
<meta http-equiv="Content-Type" content="text/html;charset=utf-8" />
  <meta name='ocr-system' content='tesseract 3.04.00' />
  <meta name='ocr-capabilities' content='ocr_page ocr_carea ocr_par ocr_line ocrx_word'/>
</head>
<body>
  <div class='ocr_page' id='page_1' title='image "./deversvmarlovii00schigoog_0045.png"; bbox 0 0 2752 4546; ppageno 0'>
   <div class='ocr_carea' id='block_1_1' title="bbox 661 239 704 304">
    <p class='ocr_par' dir='ltr' id='par_1_1' title="bbox 661 239 704 304">
     <span class='ocr_line' id='line_1_1' title="bbox 661 239 704 304; baseline 0 0"><span class='ocrx_word' id='word_1_1' title='bbox 661 239 704 304; x_wconf 83' lang='grc'><strong>36</strong></span> 
     </span>
    </p>
   </div>
   <div class='ocr_carea' id='block_1_2' title="bbox 41 422 1239 1608">
    <p class='ocr_par' dir='ltr' id='par_1_2' title="bbox 136 422 1225 599">
     <span class='ocr_line' id='line_1_2' title="bbox 137 422 1225 519; baseline -0.005 -30"><span class='ocrx_word' id='word_1_2' title='bbox 137 445 189 490; x_wconf 90' lang='lat' dir='ltr'><strong>res</strong></span> <span class='ocrx_word' id='word_1_3' title='bbox 212 424 326 489; x_wconf 90' lang='lat' dir='ltr'><strong>eodem</strong></span> <span class='ocrx_word' id='word_1_4' title='bbox 336 424 493 519; x_wconf 59' lang='lat' dir='ltr'><strong>historiae</strong></span> <span class='ocrx_word' id='word_1_5' title='bbox 506 422 761 510; x_wconf 77' lang='lat' dir='ltr'><strong>francogallicae&#39;</strong></span> <span class='ocrx_word' id='word_1_6' title='bbox 777 445 857 489; x_wconf 81' lang='lat' dir='ltr'><strong>aero</strong></span> <span class='ocrx_word' id='word_1_7' title='bbox 879 425 964 490; x_wconf 86' lang='lat' dir='ltr'><strong>facta</strong></span> <span class='ocrx_word' id='word_1_8' title='bbox 976 422 1108 488; x_wconf 83' lang='lat' dir='ltr'><strong>adiuvat</strong></span> <span class='ocrx_word' id='word_1_9' title='bbox 1123 422 1225 509; x_wconf 51' lang='lat' dir='ltr'><strong>scrip*</strong></span> 
     </span>
     <span class='ocr_line' id='line_1_3' title="bbox 136 532 970 599; baseline 0 -2"><span class='ocrx_word' id='word_1_10' title='bbox 136 542 201 599; x_wconf 89' lang='lat' dir='ltr'><strong>tam</strong></span> <span class='ocrx_word' id='word_1_11' title='bbox 225 533 432 598; x_wconf 88' lang='lat' dir='ltr'><strong>statuendum</strong></span> <span class='ocrx_word' id='word_1_12' title='bbox 456 553 527 599; x_wconf 88' lang='lat' dir='ltr'><strong>esse</strong></span> <span class='ocrx_word' id='word_1_13' title='bbox 552 532 693 599; x_wconf 87' lang='lat' dir='ltr'><strong>videtur.</strong></span> <span class='ocrx_word' id='word_1_14' title='bbox 968 540 970 545; x_wconf 86' lang='lat'>&#39;</span> 
     </span>
    </p>

    <p class='ocr_par' dir='ltr' id='par_1_3' title="bbox 41 639 1239 1608">
     <span class='ocr_line' id='line_1_4' title="bbox 236 639 1227 730; baseline -0.004 -22"><span class='ocrx_word' id='word_1_15' title='bbox 236 643 441 730; x_wconf 79' lang='lat' dir='ltr'><strong>Quamquam</strong></span> <span class='ocrx_word' id='word_1_16' title='bbox 462 643 591 710; x_wconf 88' lang='lat' dir='ltr'><strong>fabulae</strong></span> <span class='ocrx_word' id='word_1_17' title='bbox 615 640 751 725; x_wconf 82' lang='lat' dir='ltr'><strong>textum,</strong></span> <span class='ocrx_word' id='word_1_18' title='bbox 773 663 870 726; x_wconf 89' lang='lat' dir='ltr'><strong>quem</strong></span> <span class='ocrx_word' id='word_1_19' title='bbox 880 641 1008 728; x_wconf 84' lang='lat' dir='ltr'><strong>Dycius</strong></span> <span class='ocrx_word' id='word_1_20' title='bbox 1019 639 1044 725; x_wconf 86' lang='lat'><strong>¹)</strong></span> <span class='ocrx_word' id='word_1_21' title='bbox 1056 648 1123 707; x_wconf 76' lang='lat' dir='ltr'><strong>boib</strong></span> <span class='ocrx_word' id='word_1_22' title='bbox 1141 648 1227 705; x_wconf 79' lang='lat' dir='ltr'><strong>mati·</strong></span> 
     </span>
     <span class='ocr_line' id='line_1_5' title="bbox 136 747 1226 838; baseline -0.002 -22"><span class='ocrx_word' id='word_1_23' title='bbox 136 758 213 817; x_wconf 83' lang='lat' dir='ltr'><strong>latcd</strong></span> <span class='ocrx_word' id='word_1_24' title='bbox 233 759 295 817; x_wconf 81' lang='lat' dir='ltr'><strong>aad</strong></span> <span class='ocrx_word' id='word_1_25' title='bbox 307 759 475 833; x_wconf 73' lang='lat' dir='ltr'><strong>oboaadiap</strong></span> <span class='ocrx_word' id='word_1_26' title='bbox 490 760 522 818; x_wconf 82' lang='lat' dir='ltr'><strong>in</strong></span> <span class='ocrx_word' id='word_1_27' title='bbox 542 761 727 832; x_wconf 64' lang='lat' dir='ltr'><strong>corruptions</strong></span> <span class='ocrx_word' id='word_1_28' title='bbox 747 761 844 816; x_wconf 78' lang='lat' dir='ltr'><strong>vocat</strong></span> <span class='ocrx_word' id='word_1_29' title='bbox 859 751 1044 838; x_wconf 86' lang='lat' dir='ltr'><strong>accepimus</strong></span> <span class='ocrx_word' id='word_1_30' title='bbox 1069 758 1103 813; x_wconf 88' lang='lat' dir='ltr'><strong>et</strong></span> <span class='ocrx_word' id='word_1_31' title='bbox 1123 770 1161 813; x_wconf 91' lang='lat' dir='ltr'><strong>ea</strong></span> <span class='ocrx_word' id='word_1_32' title='bbox 1182 747 1226 814; x_wconf 89' lang='lat' dir='ltr'><strong>de</strong></span> 
     </span>
     <span class='ocr_line' id='line_1_6' title="bbox 41 860 1227 944; baseline -0.002 -19"><span class='ocrx_word' id='word_1_33' title='bbox 41 886 43 890; x_wconf 93' lang='lat'>·</span> <span class='ocrx_word' id='word_1_34' title='bbox 135 881 172 925; x_wconf 87' lang='lat' dir='ltr'><strong>re</strong></span> <span class='ocrx_word' id='word_1_35' title='bbox 192 860 268 926; x_wconf 86' lang='lat' dir='ltr'><strong>satis</strong></span> <span class='ocrx_word' id='word_1_36' title='bbox 291 870 383 926; x_wconf 88' lang='lat' dir='ltr'><strong>caute</strong></span> <span class='ocrx_word' id='word_1_37' title='bbox 406 861 552 926; x_wconf 88' lang='lat' dir='ltr'><strong>iudicare</strong></span> <span class='ocrx_word' id='word_1_38' title='bbox 573 861 740 944; x_wconf 78' lang='lat' dir='ltr'><strong>debemus,</strong></span> <span class='ocrx_word' id='word_1_39' title='bbox 778 870 889 926; x_wconf 89' lang='lat' dir='ltr'><strong>tamen</strong></span> <span class='ocrx_word' id='word_1_40' title='bbox 910 860 1088 926; x_wconf 83' lang='lat' dir='ltr'><strong>nonnullae</strong></span> <span class='ocrx_word' id='word_1_41' title='bbox 1110 878 1227 924; x_wconf 87' lang='lat' dir='ltr'><strong>scenae</strong></span> 
     </span>
     <span class='ocr_line' id='line_1_7' title="bbox 58 957 1227 1058; baseline 0 -26"><span class='ocrx_word' id='word_1_42' title='bbox 58 957 62 965; x_wconf 50' lang='lat'><strong><em>¹</em></strong></span> <span class='ocrx_word' id='word_1_43' title='bbox 136 967 311 1057; x_wconf 87' lang='lat' dir='ltr'><strong>praecipue</strong></span> <span class='ocrx_word' id='word_1_44' title='bbox 332 969 373 1034; x_wconf 90' lang='lat' dir='ltr'><strong>ad</strong></span> <span class='ocrx_word' id='word_1_45' title='bbox 394 971 492 1035; x_wconf 90' lang='lat' dir='ltr'><strong>finem</strong></span> <span class='ocrx_word' id='word_1_46' title='bbox 517 969 646 1035; x_wconf 84' lang='lat' dir='ltr'><strong>fabulae</strong></span> <span class='ocrx_word' id='word_1_47' title='bbox 668 969 898 1058; x_wconf 86' lang='lat' dir='ltr'><strong>acorruptelis</strong></span> <span class='ocrx_word' id='word_1_48' title='bbox 921 979 953 1034; x_wconf 81' lang='lat' dir='ltr'><strong>et</strong></span> <span class='ocrx_word' id='word_1_49' title='bbox 974 966 1227 1032; x_wconf 86' lang='lat' dir='ltr'><strong>mutilationibus</strong></span> 
     </span>
     <span class='ocr_line' id='line_1_8' title="bbox 135 1075 1228 1166; baseline -0.004 -23"><span class='ocrx_word' id='word_1_50' title='bbox 135 1079 259 1145; x_wconf 82' lang='lat' dir='ltr'>liberae</span> <span class='ocrx_word' id='word_1_51' title='bbox 281 1078 502 1144; x_wconf 88' lang='lat' dir='ltr'><strong>inveniuntur.</strong></span> <span class='ocrx_word' id='word_1_52' title='bbox 524 1079 589 1162; x_wconf 82' lang='lat' dir='ltr'><strong>Qui</strong></span> <span class='ocrx_word' id='word_1_53' title='bbox 612 1079 677 1144; x_wconf 92' lang='lat' dir='ltr'><strong>loci</strong></span> <span class='ocrx_word' id='word_1_54' title='bbox 700 1075 1228 1166; x_wconf 75' lang='lat' dir='ltr'><strong>(ef.v01.11‚p.307,319-320,</strong></span> 
     </span>
     <span class='ocr_line' id='line_1_9' title="bbox 135 1186 1228 1276; baseline -0.003 -23"><span class='ocrx_word' id='word_1_55' title='bbox 135 1187 312 1270; x_wconf 78' lang='lat'><strong>324-332,</strong></span> <span class='ocrx_word' id='word_1_56' title='bbox 333 1187 422 1272; x_wconf 76' lang='grc'>343),</span> <span class='ocrx_word' id='word_1_57' title='bbox 450 1210 550 1272; x_wconf 91' lang='lat' dir='ltr'><strong>quum</strong></span> <span class='ocrx_word' id='word_1_58' title='bbox 570 1210 685 1272; x_wconf 76' lang='lat' dir='ltr'><strong>versus</strong></span> <span class='ocrx_word' id='word_1_59' title='bbox 706 1210 840 1276; x_wconf 90' lang='lat' dir='ltr'><strong>prorsus</strong></span> <span class='ocrx_word' id='word_1_60' title='bbox 865 1186 907 1253; x_wconf 85' lang='lat' dir='ltr'><strong>ad</strong></span> <span class='ocrx_word' id='word_1_61' title='bbox 927 1207 1075 1273; x_wconf 89' lang='lat' dir='ltr'><strong>normam</strong></span> <span class='ocrx_word' id='word_1_62' title='bbox 1098 1205 1228 1271; x_wconf 86' lang='lat' dir='ltr'><strong>compo·</strong></span> 
     </span>
     <span class='ocr_line' id='line_1_10' title="bbox 136 1295 1229 1384; baseline -0.005 -20"><span class='ocrx_word' id='word_1_63' title='bbox 136 1299 225 1382; x_wconf 88' lang='lat' dir='ltr'><strong>sitos,</strong></span> <span class='ocrx_word' id='word_1_64' title='bbox 246 1297 280 1362; x_wconf 92' lang='lat' dir='ltr'><strong>in</strong></span> <span class='ocrx_word' id='word_1_65' title='bbox 302 1298 417 1384; x_wconf 82' lang='lat' dir='ltr'><strong>quibus</strong></span> <span class='ocrx_word' id='word_1_66' title='bbox 441 1297 597 1362; x_wconf 79' lang='lat' dir='ltr'>trochaici</span> <span class='ocrx_word' id='word_1_67' title='bbox 618 1320 730 1363; x_wconf 90' lang='lat' dir='ltr'><strong>versus</strong></span> <span class='ocrx_word' id='word_1_68' title='bbox 750 1298 854 1384; x_wconf 91' lang='lat' dir='ltr'><strong>primo</strong></span> <span class='ocrx_word' id='word_1_69' title='bbox 876 1298 949 1362; x_wconf 88' lang='lat' dir='ltr'><strong>loco</strong></span> <span class='ocrx_word' id='word_1_70' title='bbox 973 1295 1049 1361; x_wconf 87' lang='lat' dir='ltr'><strong>satis</strong></span> <span class='ocrx_word' id='word_1_71' title='bbox 1072 1316 1146 1360; x_wconf 87' lang='lat' dir='ltr'><strong>raro</strong></span> <span class='ocrx_word' id='word_1_72' title='bbox 1170 1315 1229 1380; x_wconf 91' lang='lat' dir='ltr'><strong>po·</strong></span> 
     </span>
     <span class='ocr_line' id='line_1_11' title="bbox 136 1405 1229 1487; baseline -0.002 -17"><span class='ocrx_word' id='word_1_73' title='bbox 136 1406 189 1471; x_wconf 91' lang='lat' dir='ltr'><strong>siti</strong></span> <span class='ocrx_word' id='word_1_74' title='bbox 207 1414 285 1472; x_wconf 82' lang='lat' dir='ltr'><strong>&#39;suut</strong></span> <span class='ocrx_word' id='word_1_75' title='bbox 296 1416 492 1475; x_wconf 89' lang='lat' dir='ltr'><strong>etcaesurae</strong></span> <span class='ocrx_word' id='word_1_76' title='bbox 512 1408 613 1474; x_wconf 86' lang='lat' dir='ltr'><strong>fortes</strong></span> <span class='ocrx_word' id='word_1_77' title='bbox 634 1407 743 1473; x_wconf 92' lang='lat' dir='ltr'><strong>medio</strong></span> <span class='ocrx_word' id='word_1_78' title='bbox 766 1409 801 1473; x_wconf 89' lang='lat' dir='ltr'><strong>in</strong></span> <span class='ocrx_word' id='word_1_79' title='bbox 818 1428 915 1473; x_wconf 89' lang='lat' dir='ltr'><strong>versu</strong></span> <span class='ocrx_word' id='word_1_80' title='bbox 929 1405 1167 1487; x_wconf 79' lang='lat' dir='ltr'><strong>desiderantur,</strong></span> <span class='ocrx_word' id='word_1_81' title='bbox 1179 1426 1229 1469; x_wconf 89' lang='lat' dir='ltr'><strong>re·</strong></span> 
     </span>
     <span class='ocr_line' id='line_1_12' title="bbox 136 1510 1239 1608; baseline -0.004 -27"><span class='ocrx_word' id='word_1_82' title='bbox 136 1514 319 1601; x_wconf 75' lang='lat' dir='ltr'><strong>spiciamus,</strong></span> <span class='ocrx_word' id='word_1_83' title='bbox 365 1515 596 1604; x_wconf 83' lang='lat' dir='ltr'><strong>multomagis</strong></span> <span class='ocrx_word' id='word_1_84' title='bbox 625 1517 826 1603; x_wconf 78' lang='lat' dir='ltr'><strong>simplicibus</strong></span> <span class='ocrx_word' id='word_1_85' title='bbox 855 1515 1002 1581; x_wconf 89' lang='lat' dir='ltr'><strong>versibus</strong></span> <span class='ocrx_word' id='word_1_86' title='bbox 1027 1510 1239 1608; x_wconf 83' lang='lat' dir='ltr'><strong>&#39;tragoediae</strong></span> 
     </span>
    </p>
   </div>
   <div class='ocr_carea' id='block_1_3' title="bbox 140 1621 1336 1712">
    <p class='ocr_par' dir='ltr' id='par_1_4' title="bbox 140 1621 1336 1712">
     <span class='ocr_line' id='line_1_13' title="bbox 140 1621 1336 1712; baseline -0.003 -20"><span class='ocrx_word' id='word_1_87' title='bbox 140 1632 417 1692; x_wconf 80' lang='lat' dir='ltr'><strong>Tambarloiae</strong></span> <span class='ocrx_word' id='word_1_88' title='bbox 444 1633 504 1692; x_wconf 82' lang='lat' dir='ltr'><strong>tbc</strong></span> <span class='ocrx_word' id='word_1_89' title='bbox 535 1632 659 1694; x_wconf 72' lang='lat' dir='ltr'><strong>Graat</strong></span> <span class='ocrx_word' id='word_1_90' title='bbox 684 1635 717 1692; x_wconf 84' lang='lat' dir='ltr'><strong>at</strong></span> <span class='ocrx_word' id='word_1_91' title='bbox 744 1626 885 1712; x_wconf 88' lang='lat' dir='ltr'><strong>partium</strong></span> <span class='ocrx_word' id='word_1_92' title='bbox 906 1632 1048 1691; x_wconf 74' lang='lat' dir='ltr'><strong>Fausti</strong></span> <span class='ocrx_word' id='word_1_93' title='bbox 1075 1621 1231 1708; x_wconf 90' lang='lat' dir='ltr'><strong>tranquil·</strong></span> <span class='ocrx_word' id='word_1_94' title='bbox 1333 1681 1336 1689; x_wconf 90' lang='lat'><em>.</em></span> 
     </span>
    </p>
   </div>
   <div class='ocr_carea' id='block_1_4' title="bbox 86 1733 1307 3892">
    <p class='ocr_par' dir='ltr' id='par_1_5' title="bbox 86 1733 1307 3892">
     <span class='ocr_line' id='line_1_14' title="bbox 136 1733 1229 1821; baseline -0.001 -24"><span class='ocrx_word' id='word_1_95' title='bbox 136 1733 252 1817; x_wconf 88' lang='lat' dir='ltr'><strong>larum,</strong></span> <span class='ocrx_word' id='word_1_96' title='bbox 274 1756 370 1818; x_wconf 86' lang='lat' dir='ltr'><strong>quam</strong></span> <span class='ocrx_word' id='word_1_97' title='bbox 390 1734 537 1800; x_wconf 73' lang='lat' dir='ltr'><strong>versibus</strong></span> <span class='ocrx_word' id='word_1_98' title='bbox 558 1735 715 1800; x_wconf 87' lang='lat' dir='ltr'><strong>varietate</strong></span> <span class='ocrx_word' id='word_1_99' title='bbox 736 1743 770 1800; x_wconf 91' lang='lat' dir='ltr'><strong>et</strong></span> <span class='ocrx_word' id='word_1_100' title='bbox 791 1734 946 1800; x_wconf 87' lang='lat' dir='ltr'><strong>suavitate</strong></span> <span class='ocrx_word' id='word_1_101' title='bbox 970 1733 1075 1821; x_wconf 88' lang='lat' dir='ltr'><strong>plenis</strong></span> <span class='ocrx_word' id='word_1_102' title='bbox 1100 1740 1229 1816; x_wconf 81' lang='lat' dir='ltr'><strong>tragoe-</strong></span> 
     </span>
     <span class='ocr_line' id='line_1_15' title="bbox 138 1841 1231 1927; baseline 0 -21"><span class='ocrx_word' id='word_1_103' title='bbox 138 1842 209 1907; x_wconf 88' lang='lat' dir='ltr'><strong>diae</strong></span> <span class='ocrx_word' id='word_1_104' title='bbox 236 1851 310 1909; x_wconf 78' lang='lat' dir='ltr'><strong>Tite</strong></span> <span class='ocrx_word' id='word_1_105' title='bbox 330 1851 352 1908; x_wconf 90' lang='lat'><em>1</em></span> <span class='ocrx_word' id='word_1_106' title='bbox 359 1868 408 1909; x_wconf 83' lang='lat' dir='ltr'><strong>ew</strong></span> <span class='ocrx_word' id='word_1_107' title='bbox 429 1850 472 1922; x_wconf 69' lang='lat' dir='ltr'><strong>of</strong></span> <span class='ocrx_word' id='word_1_108' title='bbox 488 1849 622 1910; x_wconf 85' lang='lat' dir='ltr'><strong>Malta</strong></span> <span class='ocrx_word' id='word_1_109' title='bbox 644 1844 765 1910; x_wconf 86' lang='lat' dir='ltr'><strong>similes</strong></span> <span class='ocrx_word' id='word_1_110' title='bbox 787 1852 870 1910; x_wconf 90' lang='lat' dir='ltr'><strong>sunt.</strong></span> <span class='ocrx_word' id='word_1_111' title='bbox 903 1845 1013 1927; x_wconf 83' lang='lat' dir='ltr'><strong>Atque</strong></span> <span class='ocrx_word' id='word_1_112' title='bbox 1035 1841 1231 1907; x_wconf 87' lang='lat' dir='ltr'><strong>Marlovium</strong></span> 
     </span>
     <span class='ocr_line' id='line_1_16' title="bbox 86 1951 1231 2036; baseline 0.003 -20"><span class='ocrx_word' id='word_1_113' title='bbox 86 1988 88 1991; x_wconf 33' lang='lat' dir='ltr'>v</span> <span class='ocrx_word' id='word_1_114' title='bbox 137 1961 258 2017; x_wconf 83' lang='lat' dir='ltr'><strong>atanta</strong></span> <span class='ocrx_word' id='word_1_115' title='bbox 277 1959 346 2017; x_wconf 91' lang='lat' dir='ltr'><strong>arte</strong></span> <span class='ocrx_word' id='word_1_116' title='bbox 357 1973 509 2018; x_wconf 88' lang='lat' dir='ltr'><strong>versuum</strong></span> <span class='ocrx_word' id='word_1_117' title='bbox 532 1953 766 2036; x_wconf 86' lang='lat' dir='ltr'><strong>faciendorum,</strong></span> <span class='ocrx_word' id='word_1_118' title='bbox 789 1973 885 2036; x_wconf 90' lang='lat' dir='ltr'><strong>quam</strong></span> <span class='ocrx_word' id='word_1_119' title='bbox 904 1952 938 2017; x_wconf 91' lang='lat' dir='ltr'><strong>in</strong></span> <span class='ocrx_word' id='word_1_120' title='bbox 960 1951 1140 2036; x_wconf 84' lang='lat' dir='ltr'><strong>tragoediis</strong></span> <span class='ocrx_word' id='word_1_121' title='bbox 1156 1959 1231 2020; x_wconf 62' lang='grc' dir='ltr'><strong>ΤΗ</strong></span> 
     </span>
     <span class='ocr_line' id='line_1_17' title="bbox 137 2062 1232 2147; baseline -0.002 -19"><span class='ocrx_word' id='word_1_122' title='bbox 137 2069 212 2128; x_wconf 83' lang='lat' dir='ltr'><strong>Iew</strong></span> <span class='ocrx_word' id='word_1_123' title='bbox 232 2069 402 2140; x_wconf 74' lang='lat' dir='ltr'><strong>ofMalto</strong></span> <span class='ocrx_word' id='word_1_124' title='bbox 425 2070 644 2130; x_wconf 81' lang='lat' dir='ltr'><strong>etEdward</strong></span> <span class='ocrx_word' id='word_1_125' title='bbox 665 2070 886 2130; x_wconf 78' lang='lat' dir='ltr'><strong>tbeSacoad</strong></span> <span class='ocrx_word' id='word_1_126' title='bbox 904 2062 1096 2144; x_wconf 88' lang='lat' dir='ltr'><strong>manifestat,</strong></span> <span class='ocrx_word' id='word_1_127' title='bbox 1120 2083 1232 2147; x_wconf 88' lang='lat' dir='ltr'><strong>quam-</strong></span> 
     </span>
     <span class='ocr_line' id='line_1_18' title="bbox 137 2169 1231 2258; baseline 0.002 -25"><span class='ocrx_word' id='word_1_128' title='bbox 137 2172 186 2234; x_wconf 90' lang='lat' dir='ltr'><strong>vis</strong></span> <span class='ocrx_word' id='word_1_129' title='bbox 206 2170 295 2234; x_wconf 90' lang='lat' dir='ltr'><strong>illam</strong></span> <span class='ocrx_word' id='word_1_130' title='bbox 319 2169 464 2235; x_wconf 88' lang='lat' dir='ltr'><strong>fabulam</strong></span> <span class='ocrx_word' id='word_1_131' title='bbox 483 2170 614 2236; x_wconf 89' lang='lat' dir='ltr'><strong>minima</strong></span> <span class='ocrx_word' id='word_1_132' title='bbox 636 2170 807 2257; x_wconf 86' lang='lat' dir='ltr'><strong>diligentia</strong></span> <span class='ocrx_word' id='word_1_133' title='bbox 829 2171 1006 2258; x_wconf 84' lang='lat' dir='ltr'><strong>scripserit,</strong></span> <span class='ocrx_word' id='word_1_134' title='bbox 1029 2171 1070 2236; x_wconf 91' lang='lat' dir='ltr'><strong>ad</strong></span> <span class='ocrx_word' id='word_1_135' title='bbox 1100 2192 1231 2258; x_wconf 91' lang='lat' dir='ltr'><strong>compo·</strong></span> 
     </span>
     <span class='ocr_line' id='line_1_19' title="bbox 140 2278 1227 2370; baseline 0.004 -28"><span class='ocrx_word' id='word_1_136' title='bbox 140 2279 290 2343; x_wconf 92' lang='lat' dir='ltr'><strong>sitionem</strong></span> <span class='ocrx_word' id='word_1_137' title='bbox 311 2286 376 2344; x_wconf 89' lang='lat' dir='ltr'><strong>tam</strong></span> <span class='ocrx_word' id='word_1_138' title='bbox 395 2278 508 2346; x_wconf 90' lang='lat' dir='ltr'><strong>duram</strong></span> <span class='ocrx_word' id='word_1_139' title='bbox 532 2291 564 2346; x_wconf 92' lang='lat' dir='ltr'><strong>et</strong></span> <span class='ocrx_word' id='word_1_140' title='bbox 578 2281 759 2370; x_wconf 90' lang='lat' dir='ltr'><strong>simplicem</strong></span> <span class='ocrx_word' id='word_1_141' title='bbox 778 2304 932 2347; x_wconf 83' lang='lat' dir='ltr'><strong>versuum</strong></span> <span class='ocrx_word' id='word_1_142' title='bbox 945 2301 1133 2366; x_wconf 87' lang='lat' dir='ltr'><strong>regressum</strong></span> <span class='ocrx_word' id='word_1_143' title='bbox 1152 2301 1227 2346; x_wconf 64' lang='lat' dir='ltr'><strong>‘esse</strong></span> 
     </span>
     <span class='ocr_line' id='line_1_20' title="bbox 138 2386 1231 2476; baseline 0.001 -25"><span class='ocrx_word' id='word_1_144' title='bbox 138 2387 194 2452; x_wconf 90' lang='lat' dir='ltr'><strong>vix</strong></span> <span class='ocrx_word' id='word_1_145' title='bbox 215 2388 323 2473; x_wconf 88' lang='lat' dir='ltr'><strong>putari</strong></span> <span class='ocrx_word' id='word_1_146' title='bbox 344 2397 462 2474; x_wconf 88' lang='lat' dir='ltr'><strong>potest.</strong></span> <span class='ocrx_word' id='word_1_147' title='bbox 502 2386 651 2472; x_wconf 82' lang='lat' dir='ltr'><strong>Namque</strong></span> <span class='ocrx_word' id='word_1_148' title='bbox 671 2387 782 2476; x_wconf 89' lang='lat' dir='ltr'><strong>paucis</strong></span> <span class='ocrx_word' id='word_1_149' title='bbox 805 2397 930 2454; x_wconf 86' lang='lat' dir='ltr'><strong>tantum</strong></span> <span class='ocrx_word' id='word_1_150' title='bbox 951 2388 1150 2454; x_wconf 89' lang='lat' dir='ltr'><strong>orationibus</strong></span> <span class='ocrx_word' id='word_1_151' title='bbox 1174 2409 1231 2452; x_wconf 87' lang='lat' dir='ltr'><strong>ex·</strong></span> 
     </span>
     <span class='ocr_line' id='line_1_21' title="bbox 138 2494 1231 2584; baseline -0.001 -23"><span class='ocrx_word' id='word_1_152' title='bbox 138 2494 336 2562; x_wconf 81' lang='lat' dir='ltr'><strong>citationibus</strong></span> <span class='ocrx_word' id='word_1_153' title='bbox 354 2518 485 2560; x_wconf 83' lang='lat' dir='ltr'><strong>versum</strong></span> <span class='ocrx_word' id='word_1_154' title='bbox 508 2496 707 2584; x_wconf 88' lang='lat' dir='ltr'><strong>perpolitum</strong></span> <span class='ocrx_word' id='word_1_155' title='bbox 721 2497 860 2582; x_wconf 87' lang='lat' dir='ltr'><strong>scripsit,</strong></span> <span class='ocrx_word' id='word_1_156' title='bbox 885 2497 927 2563; x_wconf 88' lang='lat' dir='ltr'><strong>cf.</strong></span> <span class='ocrx_word' id='word_1_157' title='bbox 949 2496 983 2562; x_wconf 89' lang='lat' dir='ltr'><strong>iu</strong></span> <span class='ocrx_word' id='word_1_158' title='bbox 1000 2497 1108 2562; x_wconf 90' lang='lat' dir='ltr'><strong>verbis</strong></span> <span class='ocrx_word' id='word_1_159' title='bbox 1122 2495 1231 2564; x_wconf 85' lang='lat' dir='ltr'><strong>Guisii</strong></span> 
     </span>
     <span class='ocr_line' id='line_1_22' title="bbox 138 2586 1307 2692; baseline -0.001 -23"><span class='ocrx_word' id='word_1_160' title='bbox 138 2586 300 2669; x_wconf 88' lang='lat' dir='ltr'><strong>moriundi</strong></span> <span class='ocrx_word' id='word_1_161' title='bbox 330 2605 375 2692; x_wconf 89' lang='lat' dir='ltr'><strong>(p.</strong></span> <span class='ocrx_word' id='word_1_162' title='bbox 395 2604 471 2684; x_wconf 78' lang='lat'><strong>347)</strong></span> <span class='ocrx_word' id='word_1_163' title='bbox 497 2605 606 2670; x_wconf 90' lang='lat' dir='ltr'><strong>autin</strong></span> <span class='ocrx_word' id='word_1_164' title='bbox 638 2605 919 2672; x_wconf 86' lang='lat' dir='ltr'><strong>obsecrationibus</strong></span> <span class='ocrx_word' id='word_1_165' title='bbox 941 2629 960 2670; x_wconf 88' lang='lat' dir='ltr'><strong>a</strong></span> <span class='ocrx_word' id='word_1_166' title='bbox 981 2590 1158 2673; x_wconf 80' lang='lat' dir='ltr'><strong>Catharina</strong></span> <span class='ocrx_word' id='word_1_167' title='bbox 1179 2627 1231 2669; x_wconf 85' lang='lat' dir='ltr'><strong>rc·</strong></span> <span class='ocrx_word' id='word_1_168' title='bbox 1300 2644 1307 2661; x_wconf 56' lang='grc' dir='ltr'><em>ι</em></span> 
     </span>
     <span class='ocr_line' id='line_1_23' title="bbox 138 2713 1230 2802; baseline 0.001 -25"><span class='ocrx_word' id='word_1_169' title='bbox 138 2714 216 2800; x_wconf 85' lang='lat' dir='ltr'><strong>gina</strong></span> <span class='ocrx_word' id='word_1_170' title='bbox 239 2724 350 2780; x_wconf 90' lang='lat' dir='ltr'><strong>contra</strong></span> <span class='ocrx_word' id='word_1_171' title='bbox 377 2713 557 2779; x_wconf 88' lang='lat' dir='ltr'><strong>Henrioum</strong></span> <span class='ocrx_word' id='word_1_172' title='bbox 586 2736 701 2800; x_wconf 82' lang='lat' dir='ltr'><strong>regem</strong></span> <span class='ocrx_word' id='word_1_173' title='bbox 724 2715 828 2779; x_wconf 89' lang='lat' dir='ltr'><strong>filium</strong></span> <span class='ocrx_word' id='word_1_174' title='bbox 860 2715 1047 2780; x_wconf 84' lang='lat' dir='ltr'><strong>exclamatis</strong></span> <span class='ocrx_word' id='word_1_175' title='bbox 1070 2717 1116 2802; x_wconf 85' lang='lat' dir='ltr'><strong>(p.</strong></span> <span class='ocrx_word' id='word_1_176' title='bbox 1135 2713 1230 2798; x_wconf 76' lang='lat'>350);</span> 
     </span>
     <span class='ocr_line' id='line_1_24' title="bbox 138 2822 1231 2909; baseline 0.001 -23"><span class='ocrx_word' id='word_1_177' title='bbox 138 2831 279 2887; x_wconf 87' lang='lat' dir='ltr'><strong>attamen</strong></span> <span class='ocrx_word' id='word_1_178' title='bbox 300 2823 496 2908; x_wconf 89' lang='lat' dir='ltr'><strong>plerumque</strong></span> <span class='ocrx_word' id='word_1_179' title='bbox 516 2844 570 2889; x_wconf 89' lang='lat' dir='ltr'><strong>eas</strong></span> <span class='ocrx_word' id='word_1_180' title='bbox 593 2844 707 2889; x_wconf 88' lang='lat' dir='ltr'><strong>scenas</strong></span> <span class='ocrx_word' id='word_1_181' title='bbox 728 2823 875 2889; x_wconf 85' lang='lat' dir='ltr'><strong>versibus</strong></span> <span class='ocrx_word' id='word_1_182' title='bbox 899 2823 1027 2887; x_wconf 91' lang='lat' dir='ltr'><strong>usitatis</strong></span> <span class='ocrx_word' id='word_1_183' title='bbox 1049 2822 1231 2909; x_wconf 90' lang='lat' dir='ltr'><strong>descriptas</strong></span> 
     </span>
     <span class='ocr_line' id='line_1_25' title="bbox 138 2930 1231 3018; baseline 0 -24"><span class='ocrx_word' id='word_1_184' title='bbox 138 2930 332 3012; x_wconf 85' lang='lat' dir='ltr'><strong>invenimus,</strong></span> <span class='ocrx_word' id='word_1_185' title='bbox 355 2931 398 2996; x_wconf 84' lang='lat' dir='ltr'><strong>cf.</strong></span> <span class='ocrx_word' id='word_1_186' title='bbox 419 2952 452 3018; x_wconf 87' lang='lat' dir='ltr'><strong>p.</strong></span> <span class='ocrx_word' id='word_1_187' title='bbox 473 2932 546 3013; x_wconf 80' lang='lat'><strong>330,</strong></span> <span class='ocrx_word' id='word_1_188' title='bbox 568 2931 624 2998; x_wconf 92' lang='lat' dir='ltr'><strong>ubi</strong></span> <span class='ocrx_word' id='word_1_189' title='bbox 648 2932 781 2999; x_wconf 84' lang='lat' dir='ltr'><strong>Guisius</strong></span> <span class='ocrx_word' id='word_1_190' title='bbox 806 2931 946 2996; x_wconf 83' lang='lat' dir='ltr'><strong>feminae</strong></span> <span class='ocrx_word' id='word_1_191' title='bbox 969 2930 1138 2997; x_wconf 87' lang='lat' dir='ltr'><strong>adulterae</strong></span> <span class='ocrx_word' id='word_1_192' title='bbox 1159 2952 1231 3015; x_wconf 86' lang='lat' dir='ltr'><strong>gra-</strong></span> 
     </span>
     <span class='ocr_line' id='line_1_26' title="bbox 139 3038 1231 3128; baseline 0.001 -25"><span class='ocrx_word' id='word_1_193' title='bbox 139 3039 233 3105; x_wconf 86' lang='lat' dir='ltr'><strong>vibus</strong></span> <span class='ocrx_word' id='word_1_194' title='bbox 253 3041 362 3105; x_wconf 82' lang='lat' dir='ltr'><strong>verbis</strong></span> <span class='ocrx_word' id='word_1_195' title='bbox 385 3041 516 3128; x_wconf 88' lang='lat' dir='ltr'><strong>culpam</strong></span> <span class='ocrx_word' id='word_1_196' title='bbox 537 3041 696 3128; x_wconf 87' lang='lat' dir='ltr'><strong>exprobat</strong></span> <span class='ocrx_word' id='word_1_197' title='bbox 719 3049 752 3104; x_wconf 89' lang='lat' dir='ltr'><strong>et</strong></span> <span class='ocrx_word' id='word_1_198' title='bbox 773 3063 805 3127; x_wconf 93' lang='lat' dir='ltr'><strong>p.</strong></span> <span class='ocrx_word' id='word_1_199' title='bbox 817 3038 877 3104; x_wconf 82' lang='lat'><strong>333</strong></span> <span class='ocrx_word' id='word_1_200' title='bbox 898 3039 1001 3105; x_wconf 90' lang='lat' dir='ltr'><strong>minas</strong></span> <span class='ocrx_word' id='word_1_201' title='bbox 1026 3039 1135 3108; x_wconf 85' lang='lat' dir='ltr'><strong>Guisii</strong></span> <span class='ocrx_word' id='word_1_202' title='bbox 1156 3060 1231 3104; x_wconf 90' lang='lat' dir='ltr'><strong>con·</strong></span> 
     </span>
     <span class='ocr_line' id='line_1_27' title="bbox 139 3147 1232 3234; baseline -0.003 -21"><span class='ocrx_word' id='word_1_203' title='bbox 139 3159 189 3213; x_wconf 89' lang='lat' dir='ltr'><strong>tra</strong></span> <span class='ocrx_word' id='word_1_204' title='bbox 199 3148 410 3215; x_wconf 89' lang='lat' dir='ltr'><strong>Mucheroun.</strong></span> <span class='ocrx_word' id='word_1_205' title='bbox 442 3150 558 3233; x_wconf 89' lang='lat' dir='ltr'><strong>Neque</strong></span> <span class='ocrx_word' id='word_1_206' title='bbox 573 3148 668 3213; x_wconf 88' lang='lat' dir='ltr'><strong>aliter</strong></span> <span class='ocrx_word' id='word_1_207' title='bbox 685 3149 786 3212; x_wconf 87' lang='lat' dir='ltr'><strong>verba</strong></span> <span class='ocrx_word' id='word_1_208' title='bbox 801 3148 902 3213; x_wconf 89' lang='lat' dir='ltr'><strong>multa</strong></span> <span class='ocrx_word' id='word_1_209' title='bbox 924 3147 1097 3234; x_wconf 86' lang='lat' dir='ltr'><strong>dupliciter</strong></span> <span class='ocrx_word' id='word_1_210' title='bbox 1121 3167 1232 3211; x_wconf 91' lang='lat' dir='ltr'><strong>mensa</strong></span> 
     </span>
     <span class='ocr_line' id='line_1_28' title="bbox 140 3255 1232 3346; baseline -0.004 -25"><span class='ocrx_word' id='word_1_211' title='bbox 140 3257 297 3343; x_wconf 93' lang='lat' dir='ltr'><strong>imprimis</strong></span> <span class='ocrx_word' id='word_1_212' title='bbox 319 3259 353 3323; x_wconf 90' lang='lat' dir='ltr'><strong>in</strong></span> <span class='ocrx_word' id='word_1_213' title='bbox 366 3261 431 3325; x_wconf 88' lang='lat' dir='ltr'><strong>fine</strong></span> <span class='ocrx_word' id='word_1_214' title='bbox 453 3280 567 3324; x_wconf 90' lang='lat' dir='ltr'><strong>versus</strong></span> <span class='ocrx_word' id='word_1_215' title='bbox 582 3257 696 3346; x_wconf 87' lang='lat' dir='ltr'><strong>posita,</strong></span> <span class='ocrx_word' id='word_1_216' title='bbox 717 3267 888 3344; x_wconf 90' lang='lat' dir='ltr'><strong>praeterea</strong></span> <span class='ocrx_word' id='word_1_217' title='bbox 908 3255 1111 3322; x_wconf 89' lang='lat' dir='ltr'><strong>alexandrini</strong></span> <span class='ocrx_word' id='word_1_218' title='bbox 1135 3274 1232 3340; x_wconf 88' lang='lat' dir='ltr'><strong>saepe</strong></span> 
     </span>
     <span class='ocr_line' id='line_1_29' title="bbox 140 3366 1232 3453; baseline -0.001 -23"><span class='ocrx_word' id='word_1_219' title='bbox 140 3377 347 3434; x_wconf 88' lang='lat' dir='ltr'><strong>occurrentes</strong></span> <span class='ocrx_word' id='word_1_220' title='bbox 370 3368 515 3450; x_wconf 88' lang='lat' dir='ltr'><strong>(circiter</strong></span> <span class='ocrx_word' id='word_1_221' title='bbox 543 3367 690 3451; x_wconf 79' lang='lat'><strong>15-16),</strong></span> <span class='ocrx_word' id='word_1_222' title='bbox 714 3368 770 3453; x_wconf 88' lang='lat' dir='ltr'><strong>qui</strong></span> <span class='ocrx_word' id='word_1_223' title='bbox 791 3368 827 3431; x_wconf 92' lang='lat' dir='ltr'><strong>in</strong></span> <span class='ocrx_word' id='word_1_224' title='bbox 850 3366 1029 3453; x_wconf 87' lang='lat' dir='ltr'><strong>tragoediis</strong></span> <span class='ocrx_word' id='word_1_225' title='bbox 1055 3373 1232 3433; x_wconf 82' lang='lat' dir='ltr'><strong>Tambar·</strong></span> 
     </span>
     <span class='ocr_line' id='line_1_30' title="bbox 141 3475 1229 3566; baseline -0.002 -26"><span class='ocrx_word' id='word_1_226' title='bbox 141 3482 248 3542; x_wconf 77' lang='lat' dir='ltr'><strong>taine</strong></span> <span class='ocrx_word' id='word_1_227' title='bbox 270 3484 334 3542; x_wconf 73' lang='lat' dir='ltr'><strong>tta</strong></span> <span class='ocrx_word' id='word_1_228' title='bbox 355 3484 477 3545; x_wconf 72' lang='lat' dir='ltr'><strong>Grect</strong></span> <span class='ocrx_word' id='word_1_229' title='bbox 501 3488 534 3542; x_wconf 87' lang='lat' dir='ltr'><strong>et</strong></span> <span class='ocrx_word' id='word_1_230' title='bbox 556 3486 739 3544; x_wconf 79' lang='lat' dir='ltr'><strong>Faustus</strong></span> <span class='ocrx_word' id='word_1_231' title='bbox 758 3498 929 3566; x_wconf 88' lang='lat' dir='ltr'><strong>persaepe,</strong></span> <span class='ocrx_word' id='word_1_232' title='bbox 957 3497 1089 3565; x_wconf 89' lang='lat' dir='ltr'><strong>perraro</strong></span> <span class='ocrx_word' id='word_1_233' title='bbox 1109 3475 1144 3539; x_wconf 89' lang='lat' dir='ltr'><strong>in</strong></span> <span class='ocrx_word' id='word_1_234' title='bbox 1166 3482 1229 3538; x_wconf 88' lang='lat' dir='ltr'><strong>tra-</strong></span> 
     </span>
     <span class='ocr_line' id='line_1_31' title="bbox 140 3583 1231 3668; baseline -0.001 -21"><span class='ocrx_word' id='word_1_235' title='bbox 140 3583 267 3668; x_wconf 87' lang='lat' dir='ltr'><strong>goediis</strong></span> <span class='ocrx_word' id='word_1_236' title='bbox 291 3591 366 3653; x_wconf 72' lang='lat' dir='ltr'><strong>Tite</strong></span> <span class='ocrx_word' id='word_1_237' title='bbox 386 3593 460 3653; x_wconf 80' lang='lat' dir='ltr'><strong>Iera</strong></span> <span class='ocrx_word' id='word_1_238' title='bbox 481 3595 522 3666; x_wconf 79' lang='lat' dir='ltr'><strong>of</strong></span> <span class='ocrx_word' id='word_1_239' title='bbox 540 3594 672 3654; x_wconf 82' lang='lat' dir='ltr'><strong>Malta</strong></span> <span class='ocrx_word' id='word_1_240' title='bbox 693 3597 726 3652; x_wconf 87' lang='lat' dir='ltr'><strong>et</strong></span> <span class='ocrx_word' id='word_1_241' title='bbox 745 3592 918 3654; x_wconf 81' lang='lat' dir='ltr'><strong>Edward</strong></span> <span class='ocrx_word' id='word_1_242' title='bbox 938 3592 1160 3653; x_wconf 76' lang='lat' dir='ltr'><strong>ttaSacoact</strong></span> <span class='ocrx_word' id='word_1_243' title='bbox 1180 3603 1231 3646; x_wconf 89' lang='lat' dir='ltr'><strong>re-</strong></span> 
     </span>
     <span class='ocr_line' id='line_1_32' title="bbox 141 3684 1232 3786; baseline -0.004 -27"><span class='ocrx_word' id='word_1_244' title='bbox 141 3694 320 3782; x_wconf 89' lang='lat' dir='ltr'><strong>periuntur,</strong></span> <span class='ocrx_word' id='word_1_245' title='bbox 359 3704 485 3785; x_wconf 88' lang='lat' dir='ltr'><strong>tempus</strong></span> <span class='ocrx_word' id='word_1_246' title='bbox 515 3698 606 3786; x_wconf 90' lang='lat' dir='ltr'><strong>prius</strong></span> <span class='ocrx_word' id='word_1_247' title='bbox 630 3697 862 3763; x_wconf 88' lang='lat' dir='ltr'><strong>demonstrant.</strong></span> <span class='ocrx_word' id='word_1_248' title='bbox 904 3684 947 3762; x_wconf 80' lang='lat' dir='ltr'><strong>Et</strong></span> <span class='ocrx_word' id='word_1_249' title='bbox 969 3695 1031 3782; x_wconf 88' lang='lat' dir='ltr'><strong>ipsi</strong></span> <span class='ocrx_word' id='word_1_250' title='bbox 1053 3693 1076 3757; x_wconf 90' lang='lat' dir='ltr'><strong>ii</strong></span> <span class='ocrx_word' id='word_1_251' title='bbox 1100 3692 1232 3756; x_wconf 87' lang='lat' dir='ltr'><strong>alexan·</strong></span> 
     </span>
     <span class='ocr_line' id='line_1_33' title="bbox 142 3801 1230 3892; baseline -0.001 -25"><span class='ocrx_word' id='word_1_252' title='bbox 142 3802 227 3868; x_wconf 91' lang='lat' dir='ltr'><strong>drini</strong></span> <span class='ocrx_word' id='word_1_253' title='bbox 249 3801 320 3868; x_wconf 84' lang='lat' dir='ltr'><strong>fore</strong></span> <span class='ocrx_word' id='word_1_254' title='bbox 348 3825 458 3868; x_wconf 92' lang='lat' dir='ltr'><strong>omnes</strong></span> <span class='ocrx_word' id='word_1_255' title='bbox 489 3804 573 3871; x_wconf 88' lang='lat' dir='ltr'><strong>inter</strong></span> <span class='ocrx_word' id='word_1_256' title='bbox 602 3827 717 3871; x_wconf 85' lang='lat' dir='ltr'><strong>versus</strong></span> <span class='ocrx_word' id='word_1_257' title='bbox 740 3805 782 3871; x_wconf 86' lang='lat' dir='ltr'><strong>ad</strong></span> <span class='ocrx_word' id='word_1_258' title='bbox 806 3806 956 3892; x_wconf 84' lang='lat' dir='ltr'><strong>regulam</strong></span> <span class='ocrx_word' id='word_1_259' title='bbox 978 3801 1174 3891; x_wconf 89' lang='lat' dir='ltr'><strong>compositos</strong></span> <span class='ocrx_word' id='word_1_260' title='bbox 1197 3810 1230 3867; x_wconf 89' lang='lat' dir='ltr'><strong>et</strong></span> 
     </span>
    </p>
   </div>
   <div class='ocr_carea' id='block_1_5' title="bbox 143 4014 1318 4182">
    <p class='ocr_par' dir='ltr' id='par_1_6' title="bbox 143 4014 1318 4182">
     <span class='ocr_line' id='line_1_34' title="bbox 242 4014 1318 4091; baseline 0.001 -24"><span class='ocrx_word' id='word_1_261' title='bbox 242 4014 270 4085; x_wconf 89' lang='lat'><strong>1)</strong></span> <span class='ocrx_word' id='word_1_262' title='bbox 288 4019 322 4070; x_wconf 76' lang='lat' dir='ltr'><strong>of.</strong></span> <span class='ocrx_word' id='word_1_263' title='bbox 353 4017 543 4071; x_wconf 69' lang='lat' dir='ltr'><strong>Procerus</strong></span> <span class='ocrx_word' id='word_1_264' title='bbox 567 4021 609 4088; x_wconf 77' lang='lat' dir='ltr'><strong>of</strong></span> <span class='ocrx_word' id='word_1_265' title='bbox 630 4021 707 4074; x_wconf 66' lang='lat' dir='ltr'><strong>Oba.</strong></span> <span class='ocrx_word' id='word_1_266' title='bbox 731 4018 970 4074; x_wconf 71' lang='lat' dir='ltr'><strong>Morlowccd</strong></span> <span class='ocrx_word' id='word_1_267' title='bbox 988 4019 1099 4086; x_wconf 74' lang='lat' dir='ltr'><strong>Dyca,</strong></span> <span class='ocrx_word' id='word_1_268' title='bbox 1136 4018 1190 4070; x_wconf 82' lang='lat' dir='ltr'><strong>vol.</strong></span> <span class='ocrx_word' id='word_1_269' title='bbox 1210 4018 1232 4081; x_wconf 93' lang='lat'><strong>1,</strong></span> <span class='ocrx_word' id='word_1_270' title='bbox 1300 4050 1318 4091; x_wconf 37' lang='grc' dir='ltr'><strong>ἕ,</strong></span> 
     </span>
     <span class='ocr_line' id='line_1_35' title="bbox 143 4114 1183 4182; baseline 0.007 -16"><span class='ocrx_word' id='word_1_271' title='bbox 143 4133 169 4182; x_wconf 90' lang='lat' dir='ltr'><strong>p.</strong></span> <span class='ocrx_word' id='word_1_272' title='bbox 187 4114 283 4166; x_wconf 81' lang='lat' dir='ltr'>XXIV.</span> <span class='ocrx_word' id='word_1_273' title='bbox 1179 4123 1183 4133; x_wconf 82' lang='grc'>’</span> 
     </span>
    </p>
   </div>
   <div class='ocr_carea' id='block_1_6' title="bbox 0 0 1388 4546">
    <p class='ocr_par' dir='ltr' id='par_1_7' title="bbox 0 0 1388 4546">
     <span class='ocr_line' id='line_1_36' title="bbox 0 0 1388 4546; baseline 0 0"><span class='ocrx_word' id='word_1_274' title='bbox 0 0 1388 4546; x_wconf 95' lang='lat' dir='ltr'><strong> </strong></span> 
     </span>
    </p>
   </div>
  </div>
 </body>
</html>
