2752 4546
666 279 709 344 35

142 473 205 541 Pu,
216 472 286 531 cau
302 471 488 547 occurrunt,
504 460 722 529 inveniuntur
745 462 813 529 Eae
828 462 1123 531 contractioneset
1111 458 1229 524 taliae

142 582 179 638 ut
207 580 319 648 therc'a
350 574 408 648 to’t,
389 579 513 648 tlte'a
544 577 609 636 lat’s
639 578 709 636 etc·
735 579 767 635 et
800 569 1069 651 abbreviationes,
1107 574 1142 632 ut
1172 574 1228 642 ’aa

142 692 283 750 'tceeet
301 689 509 769 apocopeart
496 680 585 745 ticuli
607 681 743 764 definiti,
765 690 827 747 utt
815 691 860 749 the
881 687 1062 756 lacertulos
1049 687 1095 746 lde
1115 685 1229 746 Itcta'cu
1351 700 1354 707 ·

141 789 228 871 (276)
249 801 310 857 etc.
332 789 481 856 omnibus
503 788 632 874 paginis
655 789 799 876 perspici
821 796 964 878 possunt
1003 785 1095 868 Quas
1119 809 1228 874 quam
1337 810 1350 825 ,

141 900 190 966 vis
209 900 342 965 minime
364 898 406 964 ad
418 920 531 963 versus
551 897 784 984 perpoliendos
800 897 978 964 inserviant
990 905 1023 961 et
1036 894 1228 984 praesertim

141 1031 241 1090 quum
273 1009 308 1075 in
336 1010 400 1074 fine
430 1028 582 1072 versuum
612 1005 828 1088 inveniantur,
860 1005 1036 1084 offendant,
1059 1012 1168 1069 tamen
1188 1024 1227 1068 co

139 1137 201 1180 usu
213 1115 407 1180 Marlovium
433 1114 535 1200 magis
561 1112 727 1203 magisque
749 1114 785 1179 in
806 1114 876 1180 dies
897 1114 937 1180 ab
957 1113 1157 1181 accuratiore
1170 1112 1227 1178 ob·

141 1224 324 1291 servatione
349 1225 460 1310 legum
479 1223 686 1308 originalium
711 1246 824 1291 versus
853 1232 1021 1292 olcckmrec
1040 1221 1230 1288 discessisse

140 1331 385 1418 comprobatum
410 1341 468 1397 est.

161 1495 164 1503 .
237 1440 301 1507 ΙΙΙ.
321 1439 473 1524 Denique
494 1440 536 1505 ad
556 1441 709 1507 historica
731 1439 797 1504 duo
819 1439 964 1505 dramata
984 1439 1135 1506 Marlovii
1154 1461 1228 1527 per·

139 1548 307 1637 spicienda
328 1548 534 1636 primumque
555 1548 595 1615 ad
626 1549 696 1614 Tite
712 1548 893 1615 Mcssccre
914 1556 950 1612 ct
970 1546 1069 1612 Puris
1091 1548 1229 1615 transire

138 1659 174 1722 in
200 1657 307 1722 animo
332 1667 393 1724 est.
439 1658 547 1741 Quam
577 1655 722 1721 fabulam
748 1665 822 1742 post
848 1655 878 1720 d.
900 1653 945 1719 II.
968 1675 1009 1717 m.
1033 1654 1122 1738 Aug.
1147 1653 1228 1718 1589

139 1763 294 1852 scriptam
317 1785 398 1845 esse,
421 1784 484 1848 quo
505 1761 559 1827 die
570 1761 735 1827 Henricus
754 1761 880 1843 tertius,
897 1763 987 1826 cuius
1002 1771 1141 1827 mortem
1155 1761 1227 1827 finis

140 1871 296 1954 continet,
318 1872 454 1937 vulnere
477 1870 584 1959 pridie
607 1894 626 1935 a
647 1871 765 1937 Iacobo
793 1869 955 1937 Clementi
977 1879 1113 1958 accepto
1136 1871 1226 1954 obiit,

139 1999 199 2064 pro
222 1986 310 2042 certo
333 1977 487 2043 affirmari
499 1986 617 2062 potest.
639 1976 692 2042 Ex
706 1979 913 2043 annotatione
928 1978 963 2044 in
974 1987 1192 2063 „Hecatowc
1203 1989 1227 2047 's

139 2087 274 2168 diors
296 2107 367 2151 eam
391 2087 444 2152 die
468 2086 576 2153 XXX.
594 2111 637 2153 m.
651 2087 720 2154 Ian.
740 2089 822 2153 1593
844 2098 947 2155 actam
970 2112 1052 2173 esse,
1073 2090 1114 2155 ed
1138 2091 1226 2179 quod

139 2216 204 2259 vox
227 2219 263 2260 ca
285 2201 374 2273 (acw)
399 2194 511 2260 addita
534 2206 593 2276 est,
618 2195 745 2264 Oollier
766 2197 904 2284 primam
926 2220 965 2265 eo
989 2198 1043 2262 die
1067 2197 1226 2263 actionem
1306 2198 1313 2219 '

138 2302 240 2368 fuisse
264 2303 431 2368 concludit
443 2306 480 2382 ¹):
520 2312 552 2369 It
572 2329 634 2370 acce
659 2313 792 2387 perhaps
813 2314 982 2374 Mcrlrwe's
1004 2315 1062 2374 last
1079 2315 1161 2390 play,
1193 2332 1227 2374 cs

137 2420 175 2479 lte
193 2435 253 2479 was
274 2419 366 2478 killed
385 2421 473 2479 about
491 2421 538 2479 sic
557 2421 670 2480 mouths
683 2420 868 2489 utteuccrde.
891 2417 964 2498 Qua
983 2440 1058 2482 cum
1074 2418 1226 2504 opinione

138 2520 276 2606 Dycins,
310 2523 363 2608 qui
387 2520 421 2587 in
442 2521 587 2588 editione
609 2545 680 2588 eam
701 2532 776 2611 post
797 2531 970 2592 Edward
988 2535 1051 2594 tte
1072 2534 1228 2595 Second

137 2629 385 2717 imprimendam
408 2631 577 2712 curaverit,
601 2633 786 2698 consentire
808 2632 947 2700 videtur.
980 2634 1124 2720 Ulriei2)
1148 2657 1227 2701 vcro

137 2737 228 2803 illam
238 2738 409 2805 Henslovii
427 2739 669 2807 adnotationem
689 2740 724 2806 id
743 2751 868 2807 tantum
884 2745 1095 2830 comprobare
1116 2745 1228 2811 statuit

137 2868 209 2913 eam
235 2846 379 2914 fabulam
401 2847 504 2933 ipsius
527 2848 562 2912 in
589 2871 686 2916 scena
708 2872 746 2915 eo
769 2849 822 2916 die
835 2851 977 2937 primum
996 2874 1104 2938 neque
1120 2862 1227 2919 autem

138 2955 270 3023 omnino
295 2956 435 3043 primum
455 2967 561 3023 actam
585 2979 668 3041 esse,
697 2968 795 3025 etex
820 2961 1012 3027 tractatione
1034 2983 1148 3046 parum
1171 2984 1228 3027 ac-

138 3072 248 3128 curate
269 3064 460 3131 adumbrata
481 3066 611 3133 fabulae
634 3077 763 3154 poetam
788 3077 963 3157 propterea
987 3069 1073 3154 quod
1095 3070 1226 3137 caedem

139 3192 210 3237 eam
232 3172 328 3238 modo
351 3174 467 3241 factam
490 3176 597 3242 statim
615 3176 651 3241 in
669 3199 801 3243 scenam
822 3177 978 3244 inducere
991 3177 1142 3262 voluerit,
1163 3188 1227 3245 tra·

137 3281 289 3366 goediam
311 3283 431 3348 cursim
452 3283 621 3370 scripsisse
642 3285 818 3351 concludit.
843 3285 946 3354 Cuius
967 3287 1030 3352 viri
1045 3286 1132 3353 docti
1154 3309 1226 3353 sen·

138 3391 269 3456 tentiam
294 3393 386 3477 sequi
399 3414 551 3458 versuum
576 3415 705 3481 quoque
722 3395 912 3482 compositio
932 3419 993 3462 nos
1004 3405 1123 3478 movet,
1140 3417 1225 3461 eam·

138 3521 201 3588 que
222 3500 363 3565 fabulam
377 3501 475 3588 ,prius
503 3502 600 3568 etiam
623 3524 719 3587 quam
749 3503 953 3588 tragoediam
985 3512 1062 3571 ste
1085 3512 1163 3571 Ieac
1185 3514 1232 3584 of

136 3616 178 3674 M
182 3616 265 3675 otta
286 3608 379 3673 cuius
393 3607 432 3672 ad
446 3619 574 3696 tempus
587 3610 811 3679 definiendum
825 3634 911 3678 mors
929 3613 1022 3678 ducis
1044 3621 1086 3681 de
1096 3619 1223 3695 Gaiae,

139 3771 245 3781 --.—.-,.
262 3773 333 3782 «ιη...

244 3873 271 3931 1)
289 3875 322 3924 cf.
344 3874 409 3925 Tite
429 3876 539 3928 werke
557 3879 593 3946 of
611 3879 686 3930 Otr.
710 3879 881 3932 Marianae
901 3883 943 3947 dy
963 3879 992 3930 A.
1015 3883 1119 3947 Dycc,
1138 3882 1224 3932 vol.l.

136 3984 162 4032 p·
183 3963 281 4019 XXIII.
318 4012 320 4017 .

235 4060 262 4131 2)
281 4068 315 4117 ot.
343 4067 534 4120 Jataocat
564 4069 629 4119 der
658 4070 856 4122 deutschen
884 4070 1223 4136 Shahespecrc-Gc·

136 4163 331 4234 aellactcst
356 4164 377 4226 1,
396 4180 421 4229 p.
441 4162 484 4218 68.
