2752 4546
669 274 709 352 '11

142 495 160 536 a
180 471 395 540 Mommsenio
427 472 478 537 ad,
501 470 767 561 orthographiam
791 471 982 557 Shaksperii
1009 468 1236 536 illustrandam

140 604 183 648 ex
197 584 218 662 β
232 591 325 649 textu
346 582 537 669 tragoediae
551 591 662 651 Romae
684 591 849 650 aadIota‘at
872 581 1104 648 demonstratis
1125 580 1170 667 (p.
1181 578 1236 663 94)

139 714 214 756 cum
236 690 480 780 orthographia,
505 712 601 777 quam
623 701 736 758 nostra
759 691 859 757 editio
881 688 1034 759 Marlovii
1055 688 1237 754 dramatum

139 798 280 865 ostendit
318 797 505 871 concordat.
568 799 653 864 Nam
690 799 877 885 ubicunque
912 797 1033 864 vocalis
1066 821 1082 864 a
1113 794 1238 862 excidit

137 907 366 995 apostrophus,
397 907 425 971 si
455 906 489 972 in
503 908 643 974 'recenti
674 907 885 996 ortographia
916 905 1089 994 ponendus
1111 903 1237 987 fuisset,

137 1014 279 1103 scriptus
302 1022 361 1097 cst,
383 1036 493 1100 neque
514 1015 612 1081 aliter
633 1016 689 1081 ubi
702 1015 737 1081 in
752 1024 844 1080 textu
867 1014 1054 1081 terminatio
1077 1035 1116 1079 ea
1138 1014 1236 1099 plena

137 1123 261 1210 scripta
281 1132 342 1207 est,
361 1123 399 1198 in·
416 1122 566 1190 versibus
588 1124 687 1212 plena
711 1124 781 1190 eius
802 1145 956 1188 mensura
978 1123 1172 1209 postulatur.

238 1232 337 1317 Quod
348 1232 389 1298 ad
402 1206 666 1298 terminatiomim
677 1240 714 1300 ed
724 1232 902 1318 dupliciter
913 1231 1111 1296 metiendam
1122 1228 1238 1294 attinet

136 1340 389 1407 Mommsenium
411 1344 457 1429 (p.
478 1341 533 1421 99)
555 1342 660 1407 secuti
683 1342 724 1407 de
745 1341 898 1409 Marlorii
920 1341 1038 1407 fabulis
1061 1341 1119 1404 has
1140 1339 1234 1424 leges

136 1451 329 1538 praecipuas
351 1453 492 1536 probare
515 1472 703 1538 possumus:

236 1560 270 1644 1)
293 1559 451 1648 Synoope
477 1560 665 1649 imperfecti
691 1563 761 1639 fore
784 1582 917 1650 semper
936 1557 1135 1643 admittitur;
1159 1578 1237 1647 per-

137 1689 213 1732 raro
234 1666 370 1754 plenum
393 1669 500 1734 metiri
521 1669 599 1735 licet
621 1672 662 1736 cf.

199 1775 260 1842 Tb.
281 1778 309 1858 I,
335 1776 397 1842 109
423 1785 532 1845 eroaa
557 1785 691 1857 fortuna
712 1801 800 1843 acuar
817 1783 962 1842 mosterlet
981 1784 1034 1842 ber
1055 1781 1163 1860 priefs;

203 1887 264 1952 Tb.
276 1886 323 1969 ΙΙ,
336 1887 396 1951 125
421 1893 501 1955 tuat
520 1912 608 1955 aecer
630 1911 749 1954 acernea
767 1898 817 1968 yet
837 1893 1014 1953 discovered.

235 1994 269 2079 2)
294 1994 462 2084 Participii
486 1995 556 2061 fcre
584 2016 714 2081 semper
741 2015 888 2081 syncope
912 2002 972 2078 est,
1003 1995 1030 2060 ai
1054 1991 1236 2059 verbaliter

136 2126 215 2169 usus
237 2111 286 2168 est
316 2101 337 2167 i.
360 2123 388 2167 e.
410 2104 437 2167 ai
459 2126 532 2168 cum
556 2103 657 2169 verbo
680 2101 830 2168 auxiliari
853 2101 1025 2168 coniunxit
1045 2112 1153 2192 poeta,
1186 2103 1238 2168 sin

137 2220 247 2276 autem
264 2211 356 2277 vices
378 2211 531 2277 adiectivi
553 2211 709 2293 attribuit,
730 2211 925 2297 plerumque
948 2211 1084 2298 plenum
1101 2229 1235 2301 mensus

139 2326 198 2383 est.
218 2316 259 2382 In
279 2339 378 2384 versu
399 2320 460 2384 Tb.
484 2319 512 2402 I,
534 2320 592 2384 30:

261 2432 286 2492 I
302 2438 381 2493 mast
402 2435 435 2493 ba
455 2434 573 2507 pleas'ct
594 2430 736 2506 perferre.
766 2432 921 2493 Wretrtad
942 2433 1143 2494 Zeaoorotal·

137 2541 276 2620 utraque
301 2536 406 2600 forma
428 2535 603 2600 invenitur.

235 2643 270 2726 3)
295 2643 473 2732 Participia
493 2644 641 2709 radicum
662 2642 760 2708 surde
783 2643 976 2725 sonantium,
1000 2662 1082 2727 quae
1099 2665 1235 2731 prorsus

136 2756 247 2841 partes
262 2752 413 2818 adieetivi
427 2763 653 2840 susceperunt,
676 2755 716 2819 cf.
731 2754 791 2821 Tb.
814 2755 849 2820 I:
860 2762 970 2822 wichad
991 2754 1044 2840 (B.
1057 2754 1123 2840 35),
1144 2763 1237 2823 caract

138 2860 217 2947 (15),
246 2868 404 2928 elatrasset
427 2863 505 2945 (19),
539 2869 677 2942 caparae
698 2862 778 2946 (18),
812 2871 968 2930 rcaowaed
990 2863 1069 2948 (38),
1102 2871 1237 2930 adrntred

137 2968 218 3055 (35),
239 2977 354 3052 aotaycd
366 2970 638 3055 (39)aMarlovio
663 2972 708 3036 ita
729 2980 856 3037 tantum
880 2971 914 3036 in
937 2993 1033 3038 versu
1055 2980 1233 3058 ponuntur,

135 3086 172 3142 nt
200 3077 486 3165 plena-metiatur.
529 3079 624 3162 Quae
655 3080 801 3168 epitheta
826 3080 985 3163 ornantia,
1017 3100 1100 3166 quae
1134 3080 1235 3166 plena

136 3186 273 3252 metitur
302 3196 410 3273 poeta,
445 3190 609 3276 permulta
639 3189 796 3272 adhibuit,
830 3190 874 3254 ita
895 3192 986 3256 utin
1009 3190 1236 3279 prioreparte

136 3295 328 3381 tragoediae
362 3295 594 3362 Tamburtaa'ae
630 3298 681 3362 aa
718 3299 820 3366 Great
846 3300 1082 3366 Mommsenius
1105 3299 1146 3364 83
1175 3321 1235 3362 nu·

136 3412 251 3469 meret.
273 3404 433 3470 Radicum
453 3407 639 3473 sonantium
654 3408 824 3495 participia
842 3400 1070 3497 plena'mensa
1084 3408 1111 3472 si
1127 3408 1234 3473 minus

72 3564 76 3571 .
137 3510 248 3577 medio
277 3512 313 3578 in
333 3534 432 3579 versu
456 3522 489 3577 at
511 3534 672 3602 persaepe
707 3514 740 3578 in
762 3514 828 3580 fine
855 3535 1009 3582 versuum
1034 3514 1234 3581 aMarlovio

137 3618 335 3702 scribuntur,
355 3620 389 3685 id
412 3621 501 3706 quod
517 3643 597 3708 prae
621 3622 738 3688 ceteris
753 3622 897 3710 speciem
910 3621 1103 3690 Marloviani
1118 3644 1233 3688 versus

137 3744 272 3811 gravem
294 3736 327 3792 et
346 3729 528 3793 solemnem
550 3729 659 3796 efficit.
683 3727 828 3796 Omnino
849 3731 935 3795 sicut
955 3730 1065 3795 multis
1087 3729 1121 3795 in
1141 3729 1234 3796 initio
1297 3739 1302 3748 ’

69 3920 77 3930 .
135 3836 252 3902 versu's
277 3836 443 3903 collocatis
464 3839 639 3921 trochaeis,
673 3836 955 3905 terminationibus
977 3838 1083 3926 plenis
1113 3838 1235 3904 mensis

137 3952 172 4010 et
183 3954 321 4010 accentu
342 3943 415 4009 ictis
436 3944 511 4008 finis
527 3965 786 4031 quoqueversus
802 3944 1018 4030 significatur,
1039 3944 1234 4036 praesertim

139 4072 240 4137 quum
267 4074 382 4127 versus
413 4053 716 4140 interrogationem,
749 4053 1031 4135 exclamationem,
1068 4052 1234 4118 affirmati-

137 4180 236 4227 onem
257 4170 319 4230 otc.
341 4161 537 4246 contineant,
560 4163 600 4228 cf.
