2752 4546
677 255 697 322 8

234 441 354 529 Neque
386 441 482 507 aliter
509 453 607 526 atque
636 441 724 530 apud
744 441 981 530 Shaksperium
1003 442 1038 507 in
1060 443 1234 528 tragoedia

138 551 368 617 Tmaborleiaa
385 551 436 616 tbc
451 552 554 619 Grect
566 573 697 638 queque
709 574 768 640 per
782 552 974 618 trochaeum
988 552 1095 618 medio
1111 553 1148 619 in
1158 574 1234 619 ver·

136 685 173 726 su
190 662 331 750 pesitum
344 661 448 726 altera
459 684 536 749 pars
548 661 618 726 eius
632 660 796 726 sententia
808 660 995 746 rhythmica
1006 659 1166 743 redditur,
1184 661 1235 742 (id

137 770 224 855 quod
244 793 288 836 ex
307 771 470 859 exemplis
495 794 592 859 supra
617 770 726 836 allatis
745 771 907 858 apparet),
917 769 965 834 ita
979 779 1016 833 ut
1035 769 1233 856 plerumque

136 881 328 947 exclamatio
360 881 418 964 (cf.
440 880 501 945 Tb.
522 879 549 961 I,
570 880 626 963 34)
648 889 704 944 aut
732 878 914 967 appellatio
934 877 992 960 (cf.
1014 877 1076 943 Tb.
1088 878 1136 962 ΙΙ,
1158 879 1234 963 206,

135 989 212 1070 210)
231 999 287 1053 aut
306 989 453 1055 definitio
475 986 631 1052 adverbio
654 988 740 1052 facta
762 987 817 1070 (cf.
830 987 892 1053 Tb.
903 988 932 1069 I,
941 990 995 1072 76)
1017 987 1233 1074 singulariter

136 1096 380 1183 significentur3
402 1117 510 1180 neque
532 1095 641 1159 minus
664 1115 761 1183 saepe
775 1095 913 1161 verbum
936 1121 956 1160 a
977 1097 1111 1162 nomine
1132 1095 1231 1161 mode

137 1204 390 1292 cogitationibus
422 1203 643 1291 depingendis
675 1213 750 1290 apto
784 1214 963 1292 separatur,
1005 1205 1047 1270 cf.
1076 1205 1140 1272 Tb.
1174 1205 1232 1287 613

137 1313 198 1379 Tb.
222 1313 267 1396 H,
288 1313 361 1379 213.
406 1313 477 1378 Iam
500 1311 607 1400 primo
634 1312 708 1377 loce
734 1314 906 1379 trochaeus
936 1334 1165 1399 nonnusquam
1189 1312 1233 1378 ad

137 1423 276 1488 verbum
300 1423 387 1508 quod
414 1420 643 1507 gravissimum
677 1421 831 1487 orationis
855 1423 1062 1508 significatur
1085 1445 1161 1488 cum
1181 1442 1233 1487 ac·

138 1541 235 1596 centu
258 1532 447 1619 ponendum
471 1532 554 1595 bene
575 1529 739 1594 adhibitus
762 1540 821 1609 est,
844 1530 885 1595 cf.

220 1638 281 1705 Tb.
305 1642 332 1722 I,
356 1641 395 1706 13
418 1647 538 1722 Dcite
559 1647 687 1706 commite
706 1647 808 1706 incinit
825 1651 981 1722 astrapen

220 1748 281 1815 Tb.
304 1748 332 1832 I,
354 1749 395 1813 39
416 1757 542 1830 Reody
561 1759 590 1814 to
608 1756 714 1830 cborqc
731 1773 791 1829 yae
808 1757 879 1815 with
899 1773 919 1814 a
936 1756 1047 1830 mtpbty
1067 1771 1172 1829 arram

138 1859 170 1916 et
190 1852 231 1917 ad
253 1853 317 1918 duo
338 1856 503 1919 centraria
525 1853 642 1918 melius
663 1853 832 1919 efferenda
846 1855 880 1918 in
894 1837 1043 1920 versibus
1056 1856 1118 1921 Tb.
1132 1854 1161 1938 I,
1173 1854 1232 1920 74:

264 1969 326 2028 The
344 1969 412 2040 first
431 1971 498 2046 day,
521 1971 604 2030 cetea
624 1971 660 2030 bc
677 1971 807 2044 citabat
825 1971 911 2030 dorca
929 1971 976 2031 lo's
997 1975 1079 2045 team

271 2078 434 2139 Wba'tcis
457 2081 531 2139 their
550 2081 607 2139 boe
630 2121 858 2138 ........

265 2185 329 2244 But
348 2185 379 2258 tf
395 2188 471 2247 these
492 2190 602 2248 threats
618 2207 698 2250 mccc
717 2184 767 2249 rtet
788 2189 970 2261 scembstoa,

263 2293 386 2355 Blaclc
405 2313 457 2356 are
476 2299 523 2357 blo
542 2298 665 2368 colorare,
690 2298 775 2358 bloet
790 2297 944 2372 pusillae:

137 2394 329 2459 trochaeum
353 2400 502 2463 consulto
527 2400 669 2487 positum
693 2421 764 2464 csse
786 2399 995 2464 manifestum
1018 2405 1078 2463 cst.
1102 2397 1233 2484 Saepis-

138 2503 218 2569 sime
239 2503 279 2567 ad
303 2504 496 2569 sententiam
517 2505 794 2591 comprobandam
818 2529 885 2571 vox
909 2505 1072 2572 trochaica
1091 2509 1234 2582 thessere

136 2610 171 2679 in
193 2611 286 2678 initio
308 2635 422 2678 versus
447 2614 604 2678 collocata
626 2624 684 2680 est.

179 2720 184 2728 ’
237 2715 283 2781 Ut
304 2718 368 2782 iam
394 2740 436 2783 ex
462 2720 633 2806 exemplis,
656 2741 740 2805 quac
763 2743 862 2808 supra
883 2721 1062 2804 attulimus,
1089 2728 1234 2809 apparet,

139 2818 291 2890 caesurae
315 2848 443 2911 quoque
460 2827 663 2933 adhibendae
685 2852 805 2916 magna
821 2831 963 2895 varietas
985 2832 1134 2896 versibus
1147 2831 1233 2897 Mar·

35 2976 63 3025 ·.
98 2990 102 2995 .
139 2933 275 2999 levianis
298 2934 393 3000 inest.
424 2934 522 3001 Certe
545 2937 705 3025 imprimis
727 2938 760 3002 in
784 2939 876 3004 initio
900 2938 1025 3026 primae
1047 2939 1150 3027 partis
1172 2948 1234 3004 tra-

138 3043 277 3130 goediae
290 3042 521 3111 Tamburlaiac
536 3047 587 3111 tbe
603 3047 705 3114 Grect
727 3070 851 3131 versus,
877 3049 912 3111 in
937 3047 1053 3132 quibus
1076 3071 1178 3135 pause
1199 3049 1234 3114 in

35 3230 53 3241 ..
138 3153 238 3220 finem
259 3154 365 3220 lineae
387 3155 553 3239 inciditur,
575 3157 709 3245 plurimi
731 3157 953 3222 inveniuntur.
996 3157 1107 3239 Quum
1128 3178 1234 3242 usque

138 3262 180 3327 ad
207 3263 241 3327 id
265 3273 390 3350 tempas
412 3274 528 3350 poetae
552 3265 734 3331 Britannici
768 3265 917 3330 versibus
949 3266 1035 3330 inter
1057 3286 1092 3330 se
1121 3286 1235 3331 conso·

139 3372 301 3453 nantibus,
336 3373 393 3437 ubi
416 3373 502 3438 auris
528 3373 668 3440 similem
691 3375 834 3439 sonitum
857 3374 1080 3461 exspectabat,
1103 3381 1234 3438 uteren-

35 3518 37 3523 ·
140 3486 202 3561 tur,
225 3478 418 3546 Marlovium
442 3482 529 3568 quod
554 3483 697 3570 primum
718 3504 832 3548 versus
854 3489 1024 3549 bloatocrse
1042 3479 1231 3545 formandos

140 3597 334 3675 susceperat,
351 3589 577 3676 compositioni
595 3611 761 3673 versuum,
782 3612 921 3675 quorum
936 3591 1018 3656 fines
1038 3584 1234 3653 sententiam

139 3694 194 3760 vel
225 3704 315 3761 certe
339 3705 464 3781 partem
498 3706 720 3782 praestantem
742 3696 993 3776 concludebant,
1025 3688 1233 3778 summepere

140 3799 302 3868 studuisse
325 3801 423 3866 facile
450 3811 498 3866 cst
520 3802 700 3868 intellectu.
726 3803 826 3887 Quod
848 3803 978 3889 saepius
1006 3800 1108 3867 series
1132 3800 1234 3883 longa

141 3931 295 3975 versuum
323 3931 458 3975 caesura
488 3911 670 3977 carentium
699 3911 866 3976 invenitur
889 3909 1048 3995 imprimis
1068 3908 1103 3973 in
1126 3907 1236 3994 longi-

143 4014 252 4083 oribus
285 4015 484 4082 orationibus
517 4018 561 4083 cf.
583 4016 644 4082 Tb.
669 4017 695 4099 I,
718 4016 759 4080 26
788 4015 823 4080 in
856 4013 1043 4081 Temerlani
1075 4015 1233 4099 oratione,

144 4124 236 4189 cuius
257 4122 386 4189 initium
419 4133 469 4191 est
496 4146 611 4191 versus
648 4133 728 4193 tht
749 4132 827 4192 elect
846 4147 865 4189 α
887 4132 1009 4206 moleste
1027 4132 1063 4191 te
1083 4147 1169 4191 reare
1187 4130 1235 4189 tte
