2752 4546
596 292 705 357 128

134 470 229 552 enim,
262 494 361 567 quuyn
386 476 492 542 obiter
516 464 658 542 fabulam
687 470 935 566 perspiciamus,
967 476 1105 567 perinde
1130 488 1226 566 atque

133 578 167 644 in
189 581 360 663 tragoedia
391 582 693 651 Torrcbssrlcinetbe
720 586 821 653 Great
850 608 925 652 raro
946 596 1072 652 tentum
1102 600 1135 652 et
1161 590 1229 676 ple·

133 709 270 774 rumque
306 690 339 753 in
366 690 501 778 dialogo
531 700 565 756 et
591 712 741 758 sermone
771 694 899 777 vulgari
931 694 1037 760 vicem
1070 695 1227 762 orationis

133 794 226 859 nobis
252 818 426 862 occurrere
448 799 632 864 mirandum
655 810 714 866 est.
747 801 916 886 Monologi
941 803 1034 886 longi
1056 815 1088 868 et
1111 805 1228 870 oratio-

133 924 191 969 nes
213 904 366 990 copiosae
385 915 417 968 et
434 905 663 992 responsiones
685 905 719 972 in
739 916 877 991 utraque
901 908 1012 974 fabula
1027 911 1227 998 praevalent.

132 1012 250 1098 Neque
271 1012 377 1079 minus
397 1023 494 1101 poeta
517 1014 670 1081 admixtis
693 1016 960 1083 similitudinibus
982 1017 1228 1104 splendentibus

133 1131 165 1186 et
187 1121 384 1209 metaphoris
408 1123 664 1211 hyperbolisqu'e
685 1125 867 1210 grandibus
892 1134 925 1190 et
944 1124 1057 1191 multis
1073 1125 1227 1214 epithetis

133 1231 323 1296 ornantibus
345 1252 456 1317 genus
486 1231 618 1298 dicendi
650 1233 878 1320 gravissimum
915 1243 1047 1300 secutus
1081 1242 1139 1313 est,
1174 1253 1229 1297 ex·

132 1348 228 1427 cepto
244 1336 331 1423 quod
352 1338 459 1401 miuus
479 1359 579 1424 saepe
596 1339 630 1403 in
648 1340 990 1441 pompamuerborum
1011 1345 1228 1404 monstrosum

133 1444 338 1532 depravetur.
361 1443 558 1512 Satisenim
578 1442 651 1508 ra'ro
674 1443 706 1508 in
733 1443 842 1509 fabula
864 1444 988 1510 incolas
1013 1443 1151 1531 Olympi
1173 1446 1229 1509 he-

132 1573 273 1639 rcesque
303 1549 416 1617 Iliadis
450 1561 483 1616 et
516 1549 688 1636 Odysseae
718 1551 928 1622 advenientes
960 1551 1067 1637 fingit,
1107 1550 1162 1636 qui
1193 1553 1227 1617 in

133 1657 302 1742 tragoedia
324 1657 557 1723 Tamburlaine
579 1660 635 1722 the
659 1657 764 1725 Grcat
791 1658 929 1724 fortibus
953 1658 1032 1722 viris
1051 1659 1121 1724 sive
1145 1657 1227 1743 Scy·

133 1766 196 1831 this
221 1767 290 1831 sive
312 1766 489 1853 Aegyptiis
514 1765 555 1830 ad
577 1767 762 1853 augendam
788 1766 928 1851 gloriam
950 1767 1111 1832 inservire
1130 1767 1237 1833 debe.
1308 1851 1310 1855 ,

134 1875 221 1939 bant.
262 1874 371 1960 Igitur
393 1875 599 1957 Marlcvium,
630 1875 685 1962 qui
718 1875 808 1940 brevi
836 1885 984 1962 tempore
1014 1886 1229 1962 postqusme

133 1982 305 2069 gymnasio
331 2004 481 2070 egressus
507 1994 566 2067 cst,
586 1985 790 2072 tragoediam
815 1972 962 2072 scripsit,
979 1983 1119 2048 libenter
1142 1985 1229 2050 viam

133 2090 242 2155 tritam
262 2091 421 2156 invasisse
446 2103 591 2181 apparet,
621 2094 666 2158 ita
686 2103 723 2157 ut
742 2094 865 2160 fructus
885 2090 1004 2179 poetici
1025 2091 1149 2176 ingenii
1166 2091 1228 2156 diis

134 2208 167 2263 et
186 2199 339 2263 heroibus
361 2198 563 2285 antiquitatis
585 2199 759 2265 ornaverit.
782 2199 833 2266 Ne
855 2199 959 2286 plura,
983 2219 1038 2262 eas
1060 2218 1124 2278 res,
1145 2219 1228 2284 quae

132 2308 166 2373 in
188 2308 361 2394 gymnasio
390 2308 534 2373 animum
556 2318 730 2372 moverunt
755 2318 790 2372 ut
813 2319 906 2374 notas
928 2306 1097 2372 doctrinae
1122 2313 1155 2370 et
1174 2327 1228 2369 nr·

132 2417 283 2482 benitatis
312 2415 345 2479 in
368 2415 475 2502 primo
505 2436 606 2502 opere
632 2415 807 2482 ostendere
835 2416 971 2498 studuit,
1005 2437 1081 2481 num
1111 2414 1228 2479 heroes

133 2512 278 2607 Scythae
301 2531 335 2587 et
359 2520 464 2586 Mauri
486 2542 629 2604 unquam
652 2521 693 2585 dc
715 2520 805 2601 Iove,
837 2520 974 2605 Iunone,
998 2521 1120 2598 Parcis,
1148 2521 1228 2587 Her-

131 2629 216 2711 cule,
230 2628 362 2695 Achille
384 2628 541 2694 certiores
562 2629 641 2710 facti
662 2627 738 2711 sint,
763 2650 877 2712 necne,
899 2629 1084 2715 negligens.
1109 2632 1226 2716 Itaque

131 2738 165 2804 in
193 2738 363 2823 tragoedia
396 2736 462 2801 The
488 2737 659 2826 Tropicull
687 2736 828 2823 Histcrp
856 2735 899 2823 of
925 2735 987 2802 Dr.
1023 2738 1163 2804 Faustus
1195 2761 1229 2804 se

132 2848 233 2912 multa
260 2847 414 2914 didicisse
449 2849 600 2914 ostendit.
645 2848 822 2913 Praeterea
838 2867 945 2932 grave
968 2846 1098 2913 dicendi
1121 2869 1228 2930 genus

132 2955 237 3021 rarius
259 2965 291 3020 et
313 2958 429 3040 solum,
452 2958 509 3021 ubi
533 2966 645 3047 aptum
661 2957 821 3037 videatur,
842 2964 972 3023 secutus
995 2963 1044 3018 est
1064 2952 1165 3037 idque
1189 2976 1227 3019 eo

132 3063 254 3129 maiore
277 3065 455 3130 effectuae
477 3087 643 3150 successu,
666 3087 765 3150 quum
787 3085 903 3129 versus
925 3062 1013 3126 omni
1036 3083 1100 3146 qua
1121 3060 1227 3148 potuit

131 3170 289 3235 varietate
312 3171 487 3236 ornaverit.
510 3174 620 3255 Quum
638 3171 724 3236 enim
737 3184 879 3257 semper,
902 3169 1089 3258 ubicunque
1108 3171 1228 3236 chorus

131 3279 165 3343 in
189 3299 320 3344 scenam
342 3278 509 3343 inducitur
531 3277 646 3343 adres
670 3278 814 3344 breviter
837 3276 1047 3343 illustrandas
1078 3276 1133 3361 (cf.
1154 3300 1186 3364 p.
1198 3278 1229 3359 ὓ,

131 3387 183 3469 43,
204 3387 257 3470 50,
278 3388 332 3472 83)
353 3398 407 3453 aut
429 3387 619 3472 ubicunque
641 3408 748 3452 sermo
768 3389 857 3453 inter
876 3385 1032 3452 Faustum
1054 3394 1087 3449 et
1101 3386 1229 3474 Mephi-

132 3495 314 3584 stophelem
338 3493 545 3574 describitur,
565 3495 667 3560 verbu
684 3505 841 3560 atvcrsus
862 3492 995 3559 omnino
1018 3493 1060 3558 ad
1081 3515 1228 3558 normam

133 3604 303 3694 compositi
325 3604 390 3670 sint
413 3613 446 3667 et
468 3603 627 3691 imprimis
649 3604 783 3693 plurimi
806 3605 839 3669 hi
860 3602 956 3669 iambi
979 3624 1045 3667 non
1068 3602 1227 3668 trochaeis
1292 3636 1296 3643 ·

133 3712 307 3802 permutati
338 3723 370 3776 et
392 3735 492 3799 pausa
521 3713 587 3789 tine
616 3735 731 3778 versus
763 3713 869 3800 posita
893 3712 988 3778 divisi
1018 3709 1093 3795 sint,
1120 3719 1228 3798 partes

133 3821 338 3890 excitatiores
362 3820 552 3908 praesertim
573 3821 754 3906 monologi,
779 3823 895 3908 quibus
920 3821 1060 3887 Faustus
1075 3816 1228 3909 ¹animum

132 3933 217 3996 inter
240 3928 368 3993 coelum
391 3938 424 3992 st
445 3938 601 3995 tertarum
626 3931 813 4017 ancipitem,
841 3928 1077 4018 poenitentiam
1100 3936 1228 4015 pertur-

131 4040 362 4122 bationemque
387 4036 485 4102 animi
507 4037 677 4103 ardentem
696 4038 861 4122 describit,
883 4061 1008 4105 summa
1032 4048 1065 4103 et
1087 4039 1227 4105 vocabu·

132 4147 239 4212 lorum
261 4155 294 4211 et
316 4166 471 4210 versuum
493 4145 660 4230 elegantia
683 4155 716 4211 et
737 4144 983 4233 pulchritudine
1008 4157 1094 4226 sunt.
1117 4146 1167 4214 Ut
1185 4146 1227 4211 de
