2752 4546
663 294 707 359 38

135 486 172 553 ss
186 484 342 559 tunsum.
368 474 469 543 Solus
493 473 798 551 Bodenstedt¹r
828 475 868 537 ab
891 496 932 537 eo
951 474 1101 554 discedit,
1129 494 1236 555 argu·

139 596 248 650 rncnts
270 584 481 669 diligentiore
503 607 568 650 non
590 586 743 664 afferens,
770 593 805 647 ct
831 582 970 650 Ulrici
1004 583 1039 647 in
1068 601 1238 646 commen·

138 694 259 761 tatione
281 698 571 767 commemorated
590 694 735 759 fabulam
757 692 881 756 iudicio
901 693 963 757 etsi
985 713 1103 755 severo
1123 701 1237 754 umen

139 803 224 868 iusto
246 803 392 869 subiecit.
435 801 504 872 Sed
531 813 568 867 nt
595 801 752 867 iodicium
784 800 827 865 de
860 801 980 866 ceteris
1011 800 1083 863 eins
1102 797 1237 863 inbuite

138 910 288 977 lendibus
309 912 617 999 praetermittemus,
644 932 798 976 somnum
820 910 1093 997 compositionem
1111 908 1147 972 in
1167 907 1235 972 hoc

138 1018 284 1085 drsmste
299 1018 440 1083 maxime
459 1018 636 1105 perfectam
653 1016 753 1105 idque
773 1038 814 1081 es
833 1016 875 1081 de
895 1038 933 1081 re
954 1028 1141 1081 extremum
1156 1037 1236 1104 poe·

139 1138 190 1191 tce
213 1146 297 1213 opus
318 1148 392 1193 esse
413 1127 484 1192 iure
507 1127 712 1193 contendere
731 1127 827 1191 nobis
847 1127 936 1191 lieet.
964 1126 1097 1192 Etenim
1118 1149 1237 1194 omnes

139 1234 312 1299 surietstcs
336 1246 370 1300 et
391 1236 569 1301 suavitates
591 1235 624 1299 in
648 1233 883 1321 componendis
905 1235 1067 1315 versibus,
1096 1257 1236 1319 quarum

137 1342 220 1407 siise
233 1342 267 1407 iu
280 1342 353 1409 sliis
374 1343 494 1409 {tholis
509 1344 753 1431 praevalebant,
776 1342 837 1406 nac
863 1342 897 1406 in
920 1343 1094 1428 trsgoedis
1116 1366 1236 1409 conso·

138 1451 240 1518 cistae
272 1453 497 1540 reperientem
531 1453 680 1541 profecto
701 1473 817 1517 versus
843 1451 937 1516 nobis
959 1461 1146 1535 occurrunt,
1177 1453 1236 1536 qni

138 1561 193 1627 rix
215 1561 488 1649 vituperationem
509 1563 654 1629 subeant.
1276 1636 1281 1641 ,

240 1670 373 1737 Praeter
394 1671 567 1736 trochaeos
588 1669 709 1735 multos
731 1671 837 1757 primo
856 1670 929 1735 loco
946 1668 1069 1756 positos
1088 1667 1237 1733 truchsei

137 1776 292 1843 mndioin
306 1799 401 1845 versu
420 1780 522 1843 multo
541 1777 671 1863 saepius
694 1777 832 1842 adhibiti
851 1777 979 1858 sunt(c.
991 1776 1127 1863 trigints
1138 1775 1236 1843 terh’o

137 1898 170 1951 et
192 1886 379 1971 quindecim
402 1886 548 1952 seeundo
578 1897 610 1951 et
634 1898 749 1970 quarto
776 1887 877 1967 loeo),
908 1885 939 1948 id
965 1884 1053 1969 quod
1076 1884 1235 1951 maiorem

138 1994 326 2061 vnrietstcm
359 1995 392 2061 in
417 2016 476 2059 usu
502 2015 710 2059 caesurarum
741 1993 872 2058 fortium
903 1992 1013 2056 efficit.
1058 1993 1165 2074 Quam
1191 1993 1236 2058 sd

139 2122 205 2167 rem
228 2100 514 2167 demonstrandam
542 2102 718 2166 nonnullos
739 2123 854 2165 versus
877 2099 997 2165 afferre
1018 2099 1142 2184 licebit,
1176 2101 1237 2186 qui

137 2234 200 2277 non
225 2210 326 2275 multo
350 2209 462 2276 labore
485 2210 684 2295 investigati,
706 2209 764 2275 sed
779 2233 821 2275 ex
844 2209 925 2274 locis
947 2209 1113 2274 sexcentis
1133 2208 1236 2275 electi
1255 2237 1261 2246 ·

136 2326 222 2399 siunt,
245 2316 406 2403 siqnidem
430 2325 558 2383 stante
580 2316 667 2381 hune
692 2317 800 2381 locum
814 2327 970 2402 etpostes
993 2339 1106 2382 versus
1129 2318 1235 2382 verie-

138 2424 256 2491 tstibns
274 2424 479 2489 abundantes
501 2435 639 2491 exstant.
663 2426 776 2490 Verba
791 2427 877 2489 enim
890 2425 975 2509 dieo,
998 2428 1116 2513 quibus
1129 2426 1235 2512 Spen-

137 2554 190 2598 snr
212 2531 327 2613 iunior,
359 2533 522 2615 gratiosus
554 2533 639 2621 npud
662 2533 863 2614 Eduordnm‚
897 2535 1046 2618 querelas
1071 2535 1113 2599 de
1138 2544 1235 2621 cspto

139 2660 217 2721 rope
239 2639 389 2723 offundit,
413 2640 476 2706 vol.
500 2640 545 2724 II,
567 2665 597 2727 p.
620 2642 683 2705 256

220 2756 273 2824 (ιι,
296 2758 324 2813 r's
344 2758 378 2815 ιο
396 2758 493 2831 porse?
514 2760 542 2817 is
560 2758 644 2817 noble
666 2758 802 2816 Edwurd
821 2760 919 2833 pose?

227 2860 379 2923 l'urtrd
400 2866 478 2935 from
499 2867 594 2936 trenes,
613 2885 725 2926 sever
745 2871 773 2926 ιο
792 2885 839 2926 see
858 2884 894 2926 us
914 2868 1018 2925 more?

219 2972 325 3041 dest,
350 2974 490 3045 spuere
511 2976 547 3045 of
564 2976 694 3035 lienem!
711 2977 780 3045 and,
800 2978 863 3047 dre,
885 2977 1004 3047 forsolre
1024 2977 1074 3050 thy
1095 2976 1157 3044 orb,
1216 2987 1219 2991 ’

225 3080 359 3149 dorth,
382 3083 478 3140 mett
497 3086 525 3139 ιο
548 3083 616 3141 uir!
633 3101 728 3157 ponc
749 3086 780 3142 ts
798 3102 846 3158 my
866 3085 1025 3157 sovereipn,

220 3186 308 3255 (iores,
330 3204 412 3261 poso,
437 3189 510 3257 olas,
533 3206 647 3249 senor
669 3194 697 3248 ιο
718 3191 800 3250 mode
820 3193 946 3249 return!

235 3286 346 3353 Verbo
372 3289 468 3375 plcnn
500 3310 621 3372 mensa,
658 3312 740 3374 quse
764 3291 925 3378 imprimis
950 3293 1057 3357 medio
1079 3293 1112 3358 in
1134 3315 1233 3359 versu

136 3392 318 3477 nfl'orrdnnt,
340 3396 373 3461 in
396 3396 558 3484 prioribus
573 3399 724 3464 Mnrlovii
749 3400 868 3464 fsbulis
894 3422 993 3486 saepe
1014 3401 1156 3483 inventa,
1179 3402 1234 3468 hie

138 3522 201 3565 nnn
227 3502 488 3588 perspiciuntur;
522 3505 579 3570 sed
603 3528 717 3573 versus
741 3530 801 3595 per
823 3509 973 3593 dactylos
995 3509 1080 3573 houd
1103 3509 1234 3597 intepte

139 3606 327 3676 interiectos
350 3612 472 3679 mniore
493 3614 652 3680 suavitate
674 3617 777 3680 ornati
800 3626 886 3698 sunt,
908 3619 950 3684 ef.

236 3769 260 3836 1)
282 3776 314 3823 οι-
339 3776 614 3843 Sdntsspsurs's
635 3779 900 3845 Zsr'tpsuosserr
919 3785 992 3833 und
1009 3783 1086 3834 ihre
1114 3783 1232 3835 Wsrks.

143 3865 178 3916 t'n
213 3870 565 3924 rinos-utrumnum
595 3877 665 3927 und
704 3873 1020 3942 Usbsrsctsunpsn
1048 3893 1107 3928 nou
1139 3878 1232 3930 Fris-

137 3964 254 4015 «trion
277 3962 530 4021 tredemude.
568 3970 667 4032 Rodio,
687 3967 764 4022 1866.
783 3972 836 4022 vol.
860 3969 985 4032 111,166.

234 4060 262 4125 2)
283 4063 317 4114 ot.
343 4063 534 4117 detrisek
557 4066 620 4117 der
637 4066 1182 4138 Stotsspsars-Gsscttschust,
1211 4069 1232 4127 Ι,

136 4168 162 4219 p·
179 4152 287 4209 trs—70
