2752 4546
668 280 705 348 li

139 486 239 557 secane
260 471 360 539 orasis
381 470 433 535 vel
454 488 590 558 perraro
612 467 667 532 vel
688 487 852 552 nunquam
876 465 1083 545 invenieturc
1115 466 1157 529 ef.
1172 463 1235 528 ub.

142 585 169 648 I.
185 582 247 647 159
265 590 364 663 ripam.
405 580 601 645 At·=contra
630 577 819 663 saepissime
850 575 951 641 orasis
975 574 1175 660 syllabarum
1191 574 1235 638 in

142 690 249 755 verbis
271 702 304 755 ut
327 682 426 768 llowcr
441 687 521 771 (98),
545 695 658 753 sbower
670 687 771 769 (145),
795 684 983 768 sacerdos)
1007 693 1040 748 et
1064 684 1236 770 praecipue

142 801 174 864 in
198 821 278 864 voce
300 797 510 864 usitatissima
531 820 631 876 potuer
652 794 796 859 adhibita
818 804 876 859 est.
923 793 1016 875 Quae
1045 796 1145 858 verba
1166 794 1235 880 ple·

140 929 276 992 rumque
300 904 441 992 duplicia
463 925 575 968 mensa
601 903 733 968 feminei
760 925 873 967 versus
906 903 1014 966 exitus
1037 900 1126 966 dubii
1151 912 1237 982 sunt,

139 1027 175 1081 ut
208 1039 273 1081 vox
301 1024 408 1081 heaven
435 1035 536 1098 supra
566 1022 819 1077 commemorata
848 1012 881 1076 in
902 1012 968 1076 fine
987 1032 1113 1077 *versus
1156 1010 1235 1076 Vox

136 1149 238 1204 power
254 1122 324 1188 sola
337 1123 460 1208 pagina
476 1122 536 1186 145
553 1133 667 1206 quater
691 1141 725 1185 se
750 1120 902 1200 ostendit,
940 1120 1049 1184 semel·
1067 1140 1236 1205 syncopen

141 1231 269 1318 accipit,
301 1231 352 1296 bis
369 1230 478 1295 medio
496 1229 530 1293 in
559 1250 666 1311 versu,
699 1228 802 1297 semel
824 1229 858 1292 in
884 1228 949 1293 fine
974 1249 1089 1293 versus
1111 1227 1259 1315 duplex-

142 1361 253 1403 mensa
274 1339 445 1426 reperitur.
497 1335 599 1402 Vocis
618 1344 674 1415 rire
697 1336 826 1422 saepius
857 1335 994 1401 formam
1017 1335 1183 1403 dilatatam
1204 1345 1238 1400 et

140 1446 334 1532 bisyllabam
357 1447 550 1517 invenimus.
658 1532 660 1537 Ι
991 1513 994 1519 ,

196 1536 199 1542 ’
241 1555 306 1620 lam
330 1555 429 1630 simili
452 1555 548 1620 modo
568 1562 667 1637 atque
683 1562 965 1637 paroxytonorum
986 1552 1084 1617 orasis
1106 1562 1234 1638 etsyn·

140 1685 223 1750 eope
244 1662 475 1727 nonnullorum
498 1662 672 1725 verborum
696 1659 942 1727 coniunctorum
971 1661 1136 1743 interdum
1159 1682 1233 1749 per·
1288 1681 1290 1684 ⁴

140 1771 335 1858 spiciuntur,
370 1770 468 1834 itaut
491 1791 588 1835 voces
611 1767 730 1834 breves
750 1778 808 1861 aut
829 1771 868 1834 ab
891 1770 996 1835 vocali
1017 1780 1072 1835 aut
1094 1773 1134 1836 ab
1161 1793 1237 1836 con-

140 1879 268 1945 sonanti
290 1888 310 1945 la
330 1877 522 1968 incipientes
545 1902 618 1944 cum
641 1878 857 1944 antecedente
889 1879 931 1943 ad
953 1902 1052 1944 unam
1073 1869 1235 1963 syllabam
1293 1877 1296 1882 ’

140 1985 391 2073 coniungantur.
423 1987 497 2056 Sed
524 2011 622 2074 quum
646 1973 1003 2053 uersus'ldarlovianus
1025 2009 1128 2074 paene
1152 2010 1234 2053 sem-

139 2118 198 2182 per
210 2096 327 2180 grandi
341 2095 486 2187 dictione⁸
496 2096 677 2183 illustratus
689 2096 739 2178 sit,
755 2119 811 2161 cae
824 2096 986 2178 licentiae,
1001 2097 1152 2187 quoniam
1164 2098 1231 2184 ple-

141 2225 279 2287 rumque
291 2204 324 2267 in
339 2200 609 2289 dialogoleviore
621 2203 828 2291 adhibentur,
840 2228 912 2270 raro
926 2215 1051 2269 tantum
1063 2205 1231 2270 inveniun-

140 2320 203 2375 tur.
227 2307 337 2389 Quare
351 2309 574 2373 usitatissimas
586 2300 692 2403 solum
709 2312 908 2404 reperimus,¹
921 2321 989 2394 isit,
1012 2323 1036 2379 it
1053 2324 1080 2380 r's
1097 2324 1171 2395 ete,
1194 2316 1236 2378 cf.

162 2496 165 2501 ‚
224 2415 329 2500 Tb..I‚
348 2418 386 2481 13
407 2397 442 2482 Is
460 2427 483 2482 u
504 2397 555 2482 aot
573 2442 593 2482 a
611 2424 712 2502 lctaply
734 2426 916 2493 resolution?

223 2520 283 2589 Tb.
297 2525 324 2611 Ι,
339 2525 380 2591 55
403 2533 467 2590 'Ta‘s
489 2550 568 2591 more
589 2534 663 2592 than
681 2537 747 2608 pttp
767 2536 838 2595 secu
859 2512 882 2594 c
901 2537 1040 2612 beccealp
1060 2537 1126 2609 fece
1147 2540 1208 2598 ete.

140 2652 247 2716 neque
271 2633 376 2699 minus
406 2654 503 2720 saepe
527 2634 607 2700 haec
629 2637 729 2701 verba
761 2636 935 2702 coniuncta
957 2639 1099 2729 duplicia
1123 2663 1235 2727 mensa

140 2740 366 2828 perspicimus,
391 2741 447 2807 cf.:
552 2816 581 2836 -,
655 2760 657 2766 ’

140 2841 142 2845 ’
223 2847 323 2932 Tb.1,
351 2849 394 2913 44
416 2857 450 2916 Is
471 2859 494 2916 e
514 2845 565 2916 bot
586 2836 673 2917 broce
695 2861 778 2940 to'be
798 2877 817 2918 o
838 2859 919 2936 Kiap
943 2858 1110 2945 Tarbellae?
1172 2912 1176 2921 .

222 2958 340 3041 Tell,
353 2959 392 3023 51
416 2965 474 3039 δικ
495 2983 559 3026 acac
579 2968 604 3024 it
623 2967 747 3041 umore
766 2985 853 3028 surer
876 2987 913 3027 ca
932 2989 981 3044 my
1002 2971 1087 3046 head,
1111 2966 1173 3030 etc.
1209 2946 1213 2964 Ι

138 3065 246 3130 Etiam
264 3067 420 3132 articulus
439 3067 592 3132 definitus
608 3068 653 3134 the
666 3069 832 3135 rarissime
853 3066 1028 3159 apocopen*
1039 3056 1168 3161 accipit,
1193 3075 1234 3140 cf.

160 3178 175 3191 ”
222 3173 328 3255 Tb.¹I,
343 3175 385 3239 39
405 3170 463 3257 M'p'
485 3183 561 3257 iord,
581 3198 624 3242 wc
644 3185 732 3265 hocce
754 3174 907 3245 discuperet
928 3187 974 3245 tlte
995 3204 1094 3262 enemy
1114 3192 1178 3259 ete,
1213 3232 1218 3239 .

139 3280 292 3364 Denique
314 3281 349 3345 in
368 3282 554 3348 universum
579 3282 620 3347 de
644 3284 799 3372 Mailovii
817 3278 946 3351 ratione
970 3285 1144 3374 dupliciter
1168 3290 1233 3371 me}-

139 3386 242 3451 tiendi
265 3389 471 3455 statuendum
492 3401 558 3473 est,
594 3392 629 3456 id
650 3414 721 3459 esse
742 3392 919 3459 maximum
942 3392 1056 3459 vitium
1081 3398 1234 3463 versuum

138 3495 226 3560 illius
248 3504 374 3582 poetae.
417 3497 547 3564 Etenim
572 3501 674 3564 multa
697 3503 797 3566 verba
826 3502 924 3588 plena
955 3514 1082 3587 mensa,
1118 3504 1235 3590 quibus

140 3605 249 3670 studet
272 3614 305 3669 et
328 3606 424 3687 favet,
449 3616 578 3672 cursum
599 3630 715 3674 versus
740 3609 847 3674 levem
878 3610 1072 3698 impediunt.
1116 3612 1234 3700 Neque

140 3711 315 3798 elegantia,
338 3732 410 3798 qua
432 3713 556 3779 ratione
578 3714 689 3780 subtili
714 3725 746 3779 et
768 3717 948 3782 sententiae
970 3727 1153 3805 aptanunc
1178 3707 1233 3785 du-

138 3819 216 3904 plici
250 3842 401 3887 mensura
431 3840 516 3886 nunc
548 3843 695 3910 syncope
723 3822 929 3909 syllabarum
963 3825 1109 3891 ciusdem
1138 3826 1233 3894 'vocis

138 3927 194 3991 alii
225 3938 380 4013 utuntur,
411 3931 571 3997 Marlovio
597 3934 730 4020 propria
756 3942 823 4017 est,
858 3933 977 4022 quippe
1002 3935 1056 4019 qui
1089 3958 1154 4001 una
1182 3936 1234 4001 vel

137 4035 239 4100 altera
257 4059 407 4105 mensura
430 4049 555 4107 tantum
577 4040 617 4106 ad
639 4044 861 4108 necessarium
894 4031 1093 4127 syllabarum
1118 4064 1234 4110 versus

137 4165 309 4247 {numerum
339 4148 556 4235 supplendum
583 4151 694 4219 utitur.
740 4153 792 4218 Ac
821 4153 884 4220 nisi
898 4188 900 4195 π
914 4153 1075 4217 varietate
1109 4151 1230 4238 pedum

1033 4259 1053 4322 2
